4620 5748
1149 331 1169 403 3

1032 420 1286 428 m

460 534 749 622 Exceptionem
784 554 853 618 pro
877 532 1155 610 Phormione⁶)
1189 536 1373 616 argentario
1401 556 1420 597 a
1449 532 1670 598 Demosthene
1697 533 1909 620 compositam
1937 554 2008 598 esse

305 637 487 703 Aeschines
510 645 623 700 auctor
646 639 729 709 est⁷l
751 657 857 719 neque
880 644 987 725 potest
1016 633 1157 699 dubitari
1187 636 1264 720 quin
1294 635 1476 700 clarissima
1503 634 1559 699 illa
1588 657 1671 718 quae
1694 634 1788 698 nobis
1816 633 1936 699 tradita
1960 641 2009 698 est

306 739 409 804 oratio
432 737 546 803 cadem
569 739 620 818 sit,
645 758 744 821 quam
766 734 945 800 Aeschines
968 735 1110 820 attingit.
1153 734 1237 800 Nam
1259 737 1293 800 in
1316 759 1354 800 ea
1381 735 1416 800 id
1444 737 1560 822 ipsum,
1592 757 1656 824 quo
1680 734 1918 801 Demosthenes
1942 734 2005 821 Ly·

306 842 374 906 siae
396 838 525 904 excellit
549 850 581 901 et
603 837 696 902 Isaeo
712 838 877 921 magistro,
900 837 1096 922 reperimus,
1120 834 1261 900 calorem
1277 836 1349 902 dico
1366 846 1399 902 et
1415 838 1573 924 impetum
1588 838 1622 901 in
1639 839 1762 902 animos
1779 846 2008 924 penetrantem

304 950 482 1028 aptumque
505 962 580 1004 cum
603 938 645 1004 ad
675 937 772 1002 fidem
798 937 982 1002 faciendam
1007 947 1079 1002 tum
1108 937 1151 1001 ad
1173 938 1448 1004 commouendam
1472 939 1736 1004 misericordiam.
1775 941 1824 1003 Ac
1848 961 1907 1003 suo
1932 938 2004 1002 iure

305 1041 641 1110 J.Herrmannusiu
666 1038 856 1124 libelloqui
885 1040 1061 1125 inscriptus
1090 1050 1140 1103 est
1162 1037 1383 1121 ,Einleiteude
1411 1031 1667 1124 Bemerkungen
1694 1063 1737 1104 zu
1766 1039 2006 1105 Demosthenes

306 1139 1021 1233 paragraphischenliedeu,Eiiurt1853‘.
1065 1141 1126 1205 hoc
1154 1141 1308 1206 iudicium
1336 1139 1378 1205 de
1406 1163 1445 1206 ea
1467 1141 1560 1205 facit:
1605 1141 1680 1223 ,Die
1702 1141 1794 1206 Rode
1820 1141 1938 1224 gehdrt
1961 1161 2004 1205 au

306 1245 371 1310 deo
393 1244 717 1328 ausgezeichnetsten
741 1241 965 1325 Privatreden,
989 1241 1110 1307 welche
1134 1266 1196 1308 uns
1220 1242 1366 1307 erhalten
1388 1242 1522 1308 worden
1544 1242 1627 1325 sind,
1653 1243 1721 1308 und
1743 1241 1913 1308 bekundet
1938 1242 2003 1306 De·

306 1347 491 1412 mosthenes
514 1345 606 1411 Geist
629 1343 717 1409 nicht
740 1365 802 1408 nur
825 1344 859 1406 in
886 1343 971 1408 ihrer
1000 1344 1114 1408 klaren
1142 1343 1385 1410 hinreissenden
1408 1342 1562 1429 Sprache‚
1595 1345 1738 1410 sondern
1765 1345 1849 1410 auch
1879 1345 1914 1407 iu
1942 1341 2003 1407 des·

308 1447 474 1512 ethischen
497 1445 606 1528 Kraft,
628 1443 751 1510 welche
773 1441 831 1507 das
856 1443 968 1509 Leben
991 1446 1081 1509 eines
1103 1445 1280 1511 achtbaren
1303 1445 1442 1511 Mannes
1462 1467 1570 1530 gagen
1593 1444 1646 1511 die
1668 1447 1816 1531 Angriffe
1839 1447 1930 1510 eines
1954 1466 2010 1508 un·

306 1549 443 1634 ruhigen
466 1546 644 1618 Mensehen
667 1547 702 1610 in
724 1545 845 1610 Schnta
878 1547 1007 1629 nimmt,
1034 1546 1103 1612 und
1125 1547 1160 1609 in
1181 1544 1240 1610 der
1260 1529 1523 1631 ilberlegenheit,
1552 1547 1612 1612 mit
1632 1547 1772 1613 welcher
1794 1547 1853 1614 der
1877 1545 2010 1610 Redner

307 1650 410 1716 durch
434 1652 530 1716 weire
554 1647 718 1730 Auswahl,
743 1644 948 1732 Anordnung
974 1648 1044 1712 und
1067 1647 1281 1731 Ausfiihrung
1303 1647 1361 1714 des
1385 1647 1504 1712 Stoffes
1527 1648 1595 1712 und
1618 1648 1677 1714 der
1692 1649 1839 1715 Beweise
1862 1647 1915 1712 die
1938 1668 2010 1712 ver-

307 1752 460 1819 wickelte
487 1751 591 1816 Sache
618 1749 692 1814 klar
719 1747 786 1812 und
818 1746 962 1813 deutlich
990 1748 1146 1830 hinstellt,
1183 1748 1341 1832 mdgliche
1370 1748 1614 1835 Gegengriinde
1643 1751 1826 1836 widerlegt,
1861 1747 1930 1815 und
1956 1748 2010 1813 die
2054 1805 2058 1816 .

310 1854 444 1918 Richter
465 1875 507 1917 zu
529 1851 586 1916 der
608 1834 853 1934 iiberzeugung
879 1871 945 1914 von
972 1848 1047 1914 dem
1073 1849 1198 1914 Rechte
1221 1851 1328 1915 seiner
1349 1851 1458 1916 Partei
1480 1853 1656 1916 fortreisst!

462 1953 605 2019 Oratio
628 1951 823 2016 aduersus
846 1949 1083 2026 Oenonem⁸i
1106 1951 1190 2016 inter
1212 1974 1323 2016 omues
1346 1955 1549 2040 priuatarum
1572 1976 1743 2019 causarum
1767 1954 1929 2018 orationes
1945 1950 2010 2015 Dc·

310 2056 526 2122 mosthenicas
548 2053 680 2120 laudem
702 2051 770 2116 lere
800 2052 976 2118 maximam
1006 2064 1181 2117 consecuta
1204 2063 1262 2119 cst.
1306 2053 1390 2119 Nam
1413 2079 1488 2119 cum
1512 2057 1659 2141 priuatae
1686 2053 1915 2119 Demosthenis
1938 2075 2010 2116 ora·

307 2159 412 2224 tiones
434 2157 599 2222 rarissime
621 2178 642 2219 a
664 2152 827 2222 ueteribus
850 2153 1032 2220 rhetoribus
1054 2153 1232 2237 laudentes,
1263 2155 1353 2239 haec,
1377 2167 1413 2220 ut
1428 2155 1582 2222 Reiskius
1599 2178 1657 2220 uos
1673 2155 1828 2238 docuit0),
1853 2152 2033 2219 laudatur'

309 2259 514 2326 creberrime.
559 2255 664 2344 quue
688 2257 814 2337 merito,
839 2277 904 2319 non
926 2278 992 2343 quo
1016 2255 1099 2322 aliae
1122 2257 1189 2321 eius
1212 2259 1342 2342 generis
1365 2260 1528 2324 orationes
1550 2280 1615 2325 non
1630 2281 1706 2322 suas
1722 2257 1865 2322 habeant
1879 2253 2005 2336 laudes,

309 2362 368 2430 sed
395 2382 558 2448 nusquam
584 2381 646 2445 par
667 2357 881 2444 perspicuitas
908 2359 1068 2443 reperitur
1099 2360 1322 2444 expositionis,
1345 2383 1429 2444 quae
1451 2362 1603 2445 quamuis
1625 2358 1766 2446 simplex
1789 2369 1821 2424 et
1844 2359 2008 2437 inornata,

308 2475 419 2531 tamen
442 2462 484 2527 ab
507 2459 639 2526 exordio
662 2480 767 2542 usque
789 2458 831 2524 ad
854 2470 1034 2524 extremam
1062 2459 1240 2524 orationem
1268 2461 1377 2546 capiat
1399 2471 1499 2545 atque
1527 2461 1677 2527 delectet.
1722 2458 1797 2541 Qua
1820 2459 1860 2524 dc
1883 2459 2009 2524 uirtute

310 2565 465 2634 orationis
492 2562 656 2648 quoniam,
685 2568 721 2624 ut
749 2559 829 2626 alios
859 2563 1130 2646 praetermittam,
1167 2569 1253 2626 inter
1280 2572 1407 2628 ueteres
1437 2563 1564 2627 criticos
1593 2563 1773 2649 Dionysius
1805 2560 2011 2626 Halicarnas-

311 2668 466 2741 seusis¹⁰)
489 2663 827 2746 etHermogenes11),
851 2662 934 2728 inter
956 2664 1154 2726 recentiores
1176 2661 1216 2726 Α.
1240 2661 1484 2742 Schaeferns¹²t
1509 2663 1750 2748 elegantissime
1773 2662 2007 2738 disseruerunt,

310 2792 363 2834 me
386 2767 488 2832 multa
509 2765 611 2831 uerba
636 2763 743 2829 facere
766 2785 833 2828 non
856 2762 960 2828 decet.
1006 2763 1075 2828 Hoc
1098 2774 1209 2828 tamen
1227 2764 1304 2829 mihi
1319 2763 1427 2830 dicere
1444 2765 1523 2832 libet
1538 2787 1581 2830 ex
1596 2764 1686 2830 nulla
1701 2766 1832 2852 priuata
1847 2764 2007 2843 oratione,

312 2873 339 2936 si
361 2870 403 2935 ab
425 2868 617 2952 exceptione
638 2888 697 2952 pro
722 2864 915 2930 Phormione
938 2866 1122 2947 recesseris,
1153 2865 1233 2950 quid
1255 2866 1445 2932 elocutionis
1472 2867 1746 2933 Demosthenicae
1777 2865 1945 2953 proprium
1968 2863 2011 2927 sit

311 2972 441 3060 planius
464 2992 562 3056 quam
588 2989 630 3032 ex
654 2966 714 3032 hac
737 2966 899 3052 cognosci.

465 3071 568 3136 Venio
603 3091 692 3133 nunc
724 3067 765 3133 ad
800 3089 854 3132 eas
885 3069 1058 3149 orationes,
1095 3089 1233 3151 quarum
1266 3068 1346 3134 fides
1381 3094 1401 3134 a
1429 3071 1548 3136 criticis
1576 3109 1618 3120 -
1645 3070 1763 3158 partim
1791 3073 1861 3135 iure
1892 3075 2010 3155 partim

310 3177 430 3243 iniuria
453 3210 491 3222 -
515 3169 709 3237 indubium
732 3180 849 3235 uocata
872 3179 930 3234 est.
975 3169 1019 3233 Et
1040 3170 1194 3256 quoniam
1217 3169 1374 3238 breuitati
1404 3193 1456 3236 me
1478 3173 1601 3238 seruire
1623 3195 1705 3260 opus
1728 3181 1787 3256 est,
1815 3172 1857 3236 de
1871 3172 1911 3234 iis
1927 3188 2012 3253 quae

312 3279 389 3344 satis
418 3285 572 3342 accurate
600 3274 665 3338 iam
691 3281 849 3338 tractatae
876 3279 955 3334 sunt
982 3271 1165 3336 criticorum
1193 3271 1322 3356 iudicia,
1357 3284 1518 3360 quatenus
1545 3273 1716 3357 conducet,
1750 3293 1943 3361 proponere,
1975 3269 2011 3332 in

311 3379 444 3466 reliquis
466 3376 648 3442 accuratius
671 3371 849 3441 tractandis
871 3373 1064 3457 grauissima
1085 3394 1235 3458 quaeque
1257 3385 1451 3460 argumenta
1474 3376 1591 3442 afferre
1615 3376 1694 3442 satis
1716 3374 1853 3442 habebo.

352 3517 424 3594 De
451 3511 664 3593 oratione
691 3528 832 3611 quam
859 3509 1202 3590 Demosthenes
1230 3512 1456 3592 aduersus
1483 3515 1738 3614 Aphobum
1764 3513 1820 3592 de
1847 3509 1970 3588 salso

763 3626 1037 3708 testimonio
1064 3626 1309 3727 scripsisse
1337 3629 1562 3731 fertur¹³).

466 3763 580 3828 Oratio
609 3760 767 3828 aduersus
794 3759 970 3848 Aphohum
997 3759 1037 3824 de
1065 3758 1147 3825 falso
1173 3763 1359 3827 testimonio
1387 3785 1453 3828 non
1484 3764 1711 3850 Demostheni,
1740 3765 1798 3830 sed
1825 3760 2012 3850 posterioris

314 3866 470 3952 temporis
488 3863 609 3929 rhetori
628 3861 759 3928 cuidam
780 3862 954 3928 tribuenda
976 3871 1035 3927 est.
1080 3861 1194 3949 Neque
1217 3863 1302 3926 enim
1326 3865 1399 3930 stilo
1415 3864 1667 3933 Demosthenico
1682 3867 1803 3954 scripta
1818 3875 1867 3930 est
1889 3884 2008 3951 neque·

313 3967 357 4034 ad
381 3968 431 4033 ius
453 3965 600 4030 Atticum
629 3966 681 4030 uel
710 3988 842 4030 causam
869 3964 909 4028 de
937 3985 1002 4049 qua
1031 3963 1140 4048 agitur
1172 3965 1426 4032 accommodata.
1471 3966 1598 4047 Quibus
1621 3970 1662 4035 de
1688 3971 1775 4035 uitiis
1798 3970 1837 4033 A.
1866 3967 2010 4033 Wester·

471 4119 495 4185 ⁶)
515 4121 585 4171 Deru
604 4135 635 4171 or
654 4123 700 4171 36:
738 4112 935 4206 παραγραφή
957 4111 1039 4201 dude
1061 4117 1249 4199 Φορμίωνος
1273 4138 1298 4185 ρ.
1317 4123 1367 4172 stt
1384 4138 1461 4188 seqq.

470 4221 495 4284 ⁷)
515 4223 556 4272 ns
574 4224 625 4288 leg.
644 4222 713 4271 mare
733 4238 757 4287 a·
775 4223 791 4282 t
812 4223 874 4272 let:
892 4211 1039 4302 ἔγραψας
1063 4215 1157 4300 λόγον
1171 4221 1335 4302 Φορμίωνι
1349 4223 1393 4306 τῷ
1408 4223 1577 4312 τραπεζίτῃ
1593 4218 1742 4311 χρήματα
1757 4221 1878 4308 λαβών·
1901 4223 2011 4288 τοῦτον

317 4321 491 4411 ἐξήνεγκας
513 4317 733 4408 Ἀπολλοδώρῳ
754 4321 798 4407 τῷ
821 4317 893 4403 περὶ
914 4319 970 4382 τοῦ
991 4316 1138 4400 σώματος
1159 4322 1296 4406 κρίνοντι
1317 4325 1501 4408 Φορμίωνα.

472 4424 497 4489 ⁸)
515 4425 593 4478 Dsm.
612 4441 650 4477 or.
669 4428 714 4478 54:
741 4417 822 4489 „am”
844 4417 994 4492 Κόνωνος
1017 4419 1126 4493 αἰκίας
1148 4440 1174 4489 p.
1194 4427 1259 4476 1256
1277 4441 1352 4492 seqq.

471 4525 496 4590 ⁹)
514 4527 548 4578 ef.
568 4526 661 4580 adnot.
681 4529 759 4595 adp.
780 4529 854 4578 1256.

471 4609 507 4676 ¹⁰)
526 4611 598 4696 περὶ
619 4611 676 4699 τῆς
697 4613 840 4700 marmio
861 4611 1099 4700 Δημοσθένους
1121 4608 1297 4696 δεινότητος
1321 4615 1603 4682 ⁰·12P·⁹8⁶⁸0u<1·

473 4711 511 4777 ιι)
534 4713 606 4799 περὶ
627 4709 783 4800 εὖρέσεων
804 4720 827 4778 ².
847 4721 860 4766 7
880 4733 906 4782 1³·
924 4719 956 4768 95
974 4715 1008 4769 ss.
1034 4713 1106 4798 περὶ
1126 4711 1267 4796 μαδόδον
1289 4710 1466 4800 δεννὰορνος
1489 4719 1521 4766 ³8
1540 4733 1564 4782 p.
1584 4719 1642 4770 ⁴4⁰·

475 4813 511 4878 ¹¹)
530 4817 608 4870 Dem,
624 4816 676 4870 lll.
695 4818 763 4872 Beil.
783 4817 828 4870 Vl.
848 4835 874 4884 p.
895 4822 954 4871 251.

473 4897 510 4964 ¹⁸)
529 4901 607 4955 Dsm·
626 4917 664 4953 οτι
684 4906 729 4954 ²9³
751 4897 830 4988 πρός
846 4895 983 4986 Ἄφοβον
1005 4899 1300 4986 ψευδομαρτυριῶν.
1326 4918 1351 4967 Ρ·
1370 4903 1422 4952 844
1438 4916 1513 4968 wit·
