4620 5748
1190 398 1230 470 18

515 597 605 662 Haec
626 597 725 664 habui
748 596 790 662 ad
813 599 991 662 orationem
1013 597 1090 664 edu.
1106 599 1332 666 Phormionem
1356 602 1476 668 rectius
1491 600 1773 687 interpretandam
1788 623 1873 688 qnae
1888 599 2047 666 afferrem.

361 698 540 766 Uideamns
561 721 650 764 nunc
673 697 886 766 Demostheni
909 708 1017 764 utrum
1045 711 1182 787 excepto
1204 701 1274 766 loco
1297 706 1316 784 5
1340 705 1381 768 22
1397 707 1469 784 -5
1490 703 1532 768 33
1560 725 1600 768 ea
1629 701 1839 770 attribuenda
1867 704 1911 768 sit
1939 723 2061 768 neone·

363 800 439 882 Qua
461 801 502 866 de
523 822 559 866 re
580 799 611 864 J.
625 799 835 866 Hermannus
856 799 918 864 hoc
940 800 1094 867 iudicium
1116 803 1193 868 fert:
1223 803 1309 887 ,rur
1331 802 1383 870 die
1405 803 1612 872 Aechtheit
1634 804 1707 870 der
1728 802 1837 870 Reda
1859 802 1985 890 spricht
2004 803 2057 870 die

362 904 426 970 Art
447 902 505 969 der
526 901 727 986 Motivirung
747 901 817 966 und
839 900 898 966 der
918 901 1157 988 Folgerungen,
1182 903 1240 968 der
1255 904 1457 992 Disposition
1478 907 1548 972 und
1571 906 1628 974 des
1646 906 1849 989 Ausdrucks,
1872 907 1933 970 wie
1956 904 2056 970 deren

362 1028 475 1092 grosse
496 1002 727 1070 Ashnlichkeit
748 1005 808 1067 mit
830 1002 887 1068 der
909 1003 1069 1091 Leptines
1091 1008 1124 1070 in
1147 1005 1317 1094 einzelnen
1339 1001 1540 1085 Theilenu).
1576 1007 1676 1090 Quod
1699 1012 1870 1095 impugnat
1886 1008 1925 1072 A.
1941 1005 2063 1072 Sohae-

363 1109 452 1176 ferus
475 1130 549 1173 cum
572 1104 673 1170 dicat:
701 1103 837 1188 „Worin
859 1104 947 1170 disse
962 1106 1191 1172 Achnlichkeit
1213 1107 1321 1192 liegen
1342 1108 1417 1192 soll,
1443 1109 1535 1174 weiss
1558 1110 1610 1174 ioh
1633 1109 1735 1175 nicht:
1759 1110 1811 1174 ich
1833 1109 1920 1174 finde
1943 1110 1977 1172 iu
2000 1107 2064 1174 der

363 1209 456 1276 Rode
478 1208 543 1274 den
566 1206 869 1272 demosthenisohen
892 1205 1082 1274 Charakter
1103 1209 1277 1287 nicht.“⁶⁸)

520 1344 630 1428 Atque
652 1353 690 1408 ut
711 1345 745 1406 in
768 1344 872 1408 utrius
900 1344 1094 1409 sententiam
1123 1343 1288 1410 discedam
1315 1345 1459 1411 breuiter
1490 1345 1606 1428 dicam,
1634 1367 1699 1410 non
1724 1345 1954 1411 Demosthenis
1977 1345 2063 1411 hanc

366 1447 546 1513 orationem
568 1467 639 1510 esse
663 1445 823 1510 existimo.
868 1443 1010 1510 Iudicari
1033 1445 1165 1530 quidem
1188 1446 1286 1512 debet
1309 1469 1380 1512 eam
1403 1446 1444 1512 ab
1468 1447 1677 1512 callidissimo
1701 1448 1962 1532 peritissimeque
1983 1469 2060 1512 con·

366 1550 520 1635 scriptam
544 1568 614 1612 esse
636 1543 809 1612 causidico.
852 1545 936 1612 Nam
959 1567 1058 1610 causa
1079 1543 1255 1635 Chrysippi
1277 1557 1345 1612 tam
1373 1550 1519 1633 grauiter
1548 1547 1744 1630 defenditur,
1775 1547 1979 1613 Phormionis
2000 1547 2058 1613 fal·

366 1652 468 1717 laciae
490 1652 536 1714 ita
558 1647 751 1713 refelluntur
773 1670 811 1712 ac
832 1647 1084 1732 redarguuntur,
1106 1659 1144 1713 ut
1165 1650 1199 1712 in
1222 1671 1280 1714 suo
1304 1651 1374 1716 iure
1397 1662 1470 1716 uter
1493 1651 1675 1716 constiterit
1697 1649 1821 1714 nemini
1836 1649 1970 1714 dubium
1987 1671 2058 1716 csse

367 1754 480 1841 possit.
524 1749 590 1816 Sed
611 1770 715 1834 genus
743 1747 871 1813 dicendi
899 1750 944 1814 ita
970 1760 1193 1834 comparatum
1220 1760 1279 1834 est,
1308 1760 1345 1816 nt
1372 1749 1413 1814 da
1446 1750 1509 1816 alio
1538 1753 1696 1836 scriptore
1718 1773 1817 1836 quam
1840 1749 2064 1816 Demosthene

368 1856 510 1940 cogitare
540 1873 703 1936 cogamur.
747 1849 861 1936 Neque
889 1851 975 1915 enim
1002 1850 1169 1938 dispositio
1198 1851 1277 1918 satis
1300 1852 1416 1918 idonea
1445 1862 1494 1918 est
1516 1861 1549 1918 et
1570 1851 1677 1918 multa
1697 1852 1913 1918 inueniuntur
1934 1874 2018 1940 qaae
2040 1875 2061 1918 a

369 1954 601 2022 Demosthenis
624 1976 686 2018 usu
706 1952 862 2041 loquendi
885 1952 1014 2036 longius
1037 1952 1203 2019 recedant.

522 2090 631 2175 Atque
653 2088 787 2153 atinde
809 2087 927 2168 ordiar,
949 2088 984 2150 in
1009 2088 1100 2152 initio
1128 2088 1282 2153 orationis
1304 2093 1337 2170 (5
1359 2091 1390 2154 3.
1404 2095 1446 2167 4)
1471 2091 1609 2178 scriptor
1637 2089 1770 2154 disserit
1798 2089 1882 2154 hauc
1909 2088 1998 2155 litem
2020 2087 2066 2154 ab

368 2192 530 2259 iudicibus
545 2189 799 2256 Atheniensibus
821 2187 1057 2256 admittendam
1080 2211 1161 2273 esse,
1184 2191 1412 2276 exceptionem
1428 2213 1494 2256 non
1510 2191 1632 2258 habere
1645 2191 1762 2258 locum.
1800 2191 1900 2258 Unde
1915 2189 2063 2256 celeriter

369 2319 404 2364 se
426 2296 546 2361 auertit
567 2315 645 2358 cum
664 2291 752 2358 dicat
773 2296 793 2374 5
816 2296 852 2355 4:
889 2287 937 2360 Ori
958 2289 1024 2382 μήν
1046 2291 1116 2358 ἀλλ’
1141 2291 1238 2377 ἔγωγε
1260 2289 1382 2372 ἐλπίζω
1404 2293 1461 2360 καὶ
1479 2290 1517 2378 ἐξ
1544 2289 1643 2360 odacri
1664 2295 1721 2360 τοῦ
1743 2292 1928 2379 πράγματος
1950 2294 2070 2376 δείξειν

370 2395 580 2481 εἶςαγώγιμον
611 2392 669 2481 τήν
696 2395 789 2478 δίκην
815 2377 924 2462 οὖσαν.
970 2393 1077 2460 Nihilo
1106 2395 1213 2462 minus
1235 2397 1270 2460 in
1292 2401 1312 2478 5
1334 2399 1376 2462 43
1397 2397 1461 2464 huc
1481 2397 1659 2464 reuertitur
1680 2395 1779 2482 idque
1800 2417 1838 2460 eo
1860 2392 2005 2476 consilio,
2027 2403 2064 2457 ut

369 2521 471 2588 penes
493 2497 729 2563 thesmothetas
756 2495 850 2562 huius
879 2496 946 2562 litis
973 2505 1169 2583 potestatem
1197 2518 1267 2562 esse
1295 2497 1505 2564 demonstret.
1551 2495 1649 2580 Quod
1678 2519 1834 2582 magnum
1855 2497 1972 2562 uitium
1994 2516 2062 2560 ora

369 2602 468 2668 tionis
491 2619 561 2664 esse
585 2598 657 2683 quis
679 2598 806 2684 estqui
828 2597 948 2682 neget?
985 2595 1115 2663 Scilicet
1136 2621 1202 2664 uno
1224 2598 1366 2666 debebat
1386 2599 1459 2668 loco
1481 2601 1602 2688 exponi
1623 2600 1710 2666 hauc
1732 2599 1822 2664 litem
1844 2620 1920 2664 cum
1942 2619 1962 2662 a
1983 2595 2065 2662 iudi·

371 2703 465 2769 cibus
487 2698 741 2766 Atheniensibus
762 2698 999 2764 admittendam
1021 2721 1092 2764 esse
1114 2711 1184 2766 tum
1206 2722 1278 2769 esse
1299 2701 1598 2768 thesmothetarum.
1643 2700 1710 2766 Sed
1731 2700 1792 2766 boc
1820 2709 1946 2768 tantum
1973 2697 2066 2764 abest

371 2815 410 2871 ut
430 2825 533 2869 unum
555 2803 598 2867 sit
619 2799 839 2887 dispositionis
862 2803 986 2884 citium,
1015 2814 1052 2867 ut
1072 2813 1174 2868 totam
1197 2805 1457 2888 perorationem
1479 2804 1626 2870 ordinem
1651 2813 1918 2888 argumentorum
1940 2825 1978 2866 ac
2001 2799 2064 2868 dis·

372 2906 566 2994 positionem
587 2903 711 2970 frustra
731 2923 935 2989 quaeramus.
972 2902 1068 2984 Quod
1094 2904 1190 2989 plane
1213 2927 1399 2990 cognosces,
1422 2908 1450 2972 si
1472 2905 1629 2988 ordinem,
1653 2927 1717 2992 quo
1740 2925 1791 2970 res
1813 2925 1886 2972 sese
1909 2924 2060 2970 narrasse

373 3007 512 3094 scriptor
534 3007 567 3069 in
591 3010 611 3087 5
632 3007 675 3071 40
697 3013 730 3069 et
752 3009 772 3086 5
794 3007 834 3070 41
859 3002 946 3086 dicit,
970 3025 1044 3068 cum
1067 3027 1115 3088 eo,
1139 3027 1237 3090 quem
1258 3029 1295 3071 re
1317 3029 1397 3074 uera
1418 3017 1548 3074 secutus
1571 3016 1630 3090 est,
1653 3005 1872 3073 contenderis.
1913 3004 2066 3086 Quocum

372 3110 452 3176 uitio
474 3107 578 3172 multa
600 3106 664 3173 alia
685 3106 869 3188 cohaerent,
897 3105 988 3171 uelut
1011 3107 1098 3192 quod
1120 3129 1184 3174 non
1212 3131 1285 3174 raro
1308 3109 1442 3174 eaedem
1470 3117 1665 3196 repetrntnr
1686 3107 1870 3174 sententiae
1895 3117 2065 3173 eteorum

374 3232 459 3298 quae
481 3209 569 3276 dicta
590 3218 667 3274 sunt
687 3207 834 3275 collectio
857 3209 891 3272 in
913 3208 1110 3276 mediatore
1131 3212 1264 3294 ponitur
1286 3216 1443 3277 oratione.

529 3343 595 3410 Sed
623 3343 703 3408 haec
730 3345 897 3408 mittamus
931 3353 964 3408 et
993 3347 1123 3433 singula
1156 3370 1239 3434 quae
1272 3369 1292 3412 a
1320 3346 1548 3412 Demosthenis
1575 3368 1637 3413 usu
1664 3343 1818 3430 loquendi
1846 3342 2001 3410 recedant
2032 3343 2073 3407 in
2160 3369 2166 3376 ·
2291 3339 2292 3346 '

374 3447 520 3514 medinm
542 3445 755 3531 proferamus.
799 3446 851 3510 Ex
874 3447 1001 3533 quibus,
1030 3449 1184 3536 quoniam
1212 3449 1365 3515 breuitati
1394 3471 1445 3514 me
1472 3450 1595 3516 seruire
1621 3469 1703 3534 opus
1731 3455 1791 3528 est,
1820 3446 1883 3510 tria
1910 3443 2073 3509 adnotare·
2155 3527 2164 3540 ·

377 3551 457 3616 satis
479 3547 594 3614 habeo.
1049 3571 1054 3580 ·

530 3668 579 3733 Ac
599 3668 741 3752 primum
764 3667 895 3753 quidem
917 3669 1115 3755 praecedens
1138 3689 1318 3754 pronomen
1341 3669 1512 3735 relatiuam
1535 3671 1569 3733 in
1591 3668 1652 3734 hac
1668 3667 1815 3732 oratione
1829 3686 1992 3751 nusquam
2006 3683 2072 3728 ex—

376 3770 496 3856 cipitur
522 3768 788 3834 demonstratiuo.
834 3767 931 3847 Quod
953 3770 1066 3836 crebro
1094 3770 1128 3834 in
1155 3772 1304 3856 genuinis
1326 3770 1396 3835 heri
1418 3770 1616 3837 orationibus
1643 3773 1817 3852 intereos,
1847 3767 1903 3855 qui
1926 3766 2060 3830 Demos·

375 3871 465 3938 theni
489 3889 621 3957 operam
643 3869 802 3953 dederint,
827 3892 922 3937 nemo
944 3873 1069 3958 estqui
1091 3871 1227 3957 ignoret.
1262 3873 1371 3959 Atque
1393 3873 1427 3936 in
1446 3873 1584 3960 pnnatis
1606 3868 1738 3958 quidem
1761 3868 1961 3935 orationibus
1983 3865 2070 3930 haec

375 3970 531 4058 loquendi
553 3971 755 4038 consuetudo
779 3972 830 4037 his
851 3973 929 4038 mihi
951 3975 1141 4040 occurrebat
1162 3973 1255 4041 locis:
1277 3975 1312 4038 in
1334 3973 1462 4062 Aphob.
1485 3974 1524 4038 1.:
1551 3975 1623 4056 53.
1648 3974 1697 4037 12.
1722 3971 1773 4038 23.
1797 3972 1849 4036 31.
1871 3971 1923 4036 36.
1947 3967 2000 4033 60.
2024 4003 2066 4016 -

375 4075 411 4140 in
433 4073 561 4161 Aphob.
583 4074 643 4140 11.:
666 4079 686 4156 5
711 4075 739 4138 1.
762 4075 813 4140 23.
837 4077 888 4140 24.
912 4109 953 4122 -
976 4075 1050 4141 adu.
1073 4075 1170 4142 Onet.
1193 4077 1234 4142 1.:
1257 4080 1277 4158 5
1300 4078 1331 4141 5.
1355 4078 1405 4141 19.
1428 4080 1479 4144 22.
1502 4077 1554 4142 31.
1575 4111 1619 4123 -
1642 4072 1717 4139 adu.
1740 4071 1837 4138 Onet.
1859 4071 1919 4135 Il.·.
1943 4075 1963 4151 5
1989 4071 2018 4134 l.
2034 4069 2074 4133 8.

378 4179 427 4242 11.
451 4177 502 4242 12.
525 4212 566 4224 -·-
588 4199 619 4262 p.
642 4174 768 4242 Phorm
802 4181 822 4258 5
852 4179 881 4244 l.
909 4180 939 4244 3.
962 4179 992 4243 8.
1016 4179 1066 4243 23.
1088 4181 1140 4244 31.
1162 4179 1214 4244 32.
1237 4179 1288 4243 34.
1311 4181 1361 4244 44.
1383 4179 1437 4244 46.
1458 4181 1511 4246 47.
1533 4178 1586 4243 48.
1608 4178 1663 4241 49.
1686 4175 1739 4240 55.
1763 4209 1804 4223 -
1827 4195 1855 4237 c.
1878 4173 1961 4238 Gon.
1985 4176 2006 4253 5
2029 4175 2063 4236 4.

378 4279 408 4344 6.
431 4281 460 4343 7.
483 4278 514 4347 9.
537 4278 586 4342 10.
611 4279 662 4342 15.
684 4279 736 4345 21.
758 4281 809 4344 27.
833 4281 887 4345 28.
910 4281 960 4346 33.
983 4284 1038 4348 42.

531 4411 683 4478 Alterum
706 4421 755 4479 est
777 4413 864 4501 quod
887 4417 1018 4482 nomina
1039 4415 1171 4502 propria
1191 4417 1226 4479 in
1248 4415 1310 4480 hac
1332 4417 1478 4479 oratione
1503 4412 1604 4478 multo
1621 4411 1766 4478 crebrius
1783 4432 1881 4497 quam
1897 4407 1984 4495 apud
2002 4406 2066 4471 De

378 4516 580 4582 mosthenem
608 4535 719 4580 secum
746 4515 867 4581 habent
895 4517 1077 4583 articulum.
1122 4516 1220 4596 Quod
1253 4539 1316 4602 qno
1350 4517 1480 4600 planius
1501 4525 1725 4601 cognoscatur,
1754 4513 1841 4578 hunc
1863 4511 2002 4576 indicem
2026 4508 2076 4574 ab

378 4619 408 4684 J.
431 4617 542 4703 Siggio
564 4616 722 4684 laudabili
742 4638 817 4682 cum
839 4618 1029 4686 assiduitate
1051 4619 1285 4694 confectum⁶⁹)
1308 4639 1428 4705 ponam
1450 4627 1527 4685 ante
1548 4619 1675 4684 oculos:

535 4805 575 4870 ιτ)
593 4809 612 4859 l.
630 4810 648 4862 1.
666 4827 692 4876 p.
713 4814 754 4864 ta.

536 4892 648 4958 18)1.Ι.
667 4912 692 4961 p.
712 4898 770 4948 806.

534 4979 572 5046 ⁶⁹)
590 4983 616 5054 ι.Ι
627 4983 645 5033 1.
663 4998 689 5047 p.
707 4984 767 5034 sao.
