4620 5748
289 1092 414 1195 Inter
454 1092 728 1226 priuatarum
772 1112 1004 1188 eumarum
1053 1087 1272 1188 orationes
1323 1084 1691 1190 Demosthenioas
1740 1102 1852 1221 quae
1903 1120 1982 1224 pro

322 1243 527 1380 genuinis
561 1237 793 1343 habendae
829 1239 919 1338 sint
954 1268 1153 1371 quaeque
1186 1269 1267 1372 pro
1304 1235 1431 1340 falsis
1468 1239 1660 1346 breuiter
1696 1241 1940 1373 exponitur.

1044 1435 1166 1516 Pars
1192 1437 1227 1513 Ι.

470 1815 567 1940 later
589 1876 792 1959 priuatarum
807 1893 977 1936 causarum
994 1872 1158 1936 orationes
1174 1872 1444 1938 Demosthenioas
1461 1893 1546 1958 qnae
1561 1893 1619 1958 pro
1635 1874 1786 1956 genuinis
1809 1873 1980 1940 habendae

288 1982 354 2044 sint
377 1999 525 2063 quaeque
547 1973 719 2062 profulsis
742 1995 907 2062 exponere
930 1973 1032 2039 multo
1055 1971 1218 2040 difficilius
1242 1983 1291 2039 est
1313 1997 1411 2061 quam
1435 1973 1477 2037 de
1496 1975 1684 2039 contionum
1705 1974 1759 2039 uel
1774 1975 1980 2062 publicarum

287 2083 468 2146 orationum
500 2078 565 2144 fide
594 2077 715 2143 habere
743 2075 975 2162 quaestionem.
1020 2075 1104 2140 Nam
1134 2079 1168 2141 in
1196 2076 1255 2160 his,
1287 2086 1516 2162 praeterquam
1545 2075 1633 2160 quod
1662 2085 1734 2141 arto
1764 2099 1876 2142 earnm
1904 2100 1979 2142 cum

285 2181 383 2252 rebus
410 2181 659 2246 Atheniensium
688 2187 845 2243 contextu
871 2177 1025 2242 iudicium
1054 2201 1120 2245 non
1147 2176 1354 2244 mediocriter
1382 2177 1528 2260 iuuatur,
1561 2175 1796 2242 adminiculum
1817 2179 1907 2244 haud
1934 2182 1980 2244 in-

286 2283 416 2350 firmum
438 2283 559 2347 criticis
584 2281 718 2347 offertur
740 2277 928 2367 quaerendo
958 2287 1068 2344 utrum
1097 2303 1181 2367 quae
1203 2281 1236 2345 in
1258 2303 1456 2368 unaquaque
1485 2280 1629 2344 oratione
1657 2281 1769 2344 insunt
1796 2290 1980 2365 congruant

286 2408 360 2451 cum
382 2384 563 2450 rationibus
585 2375 737 2448 ciuilibus
760 2406 780 2447 a
796 2379 1017 2446 Demosthene
1040 2391 1230 2447 constanter
1252 2382 1406 2449 adhibitis
1422 2403 1536 2447 necne.
1581 2379 1678 2460 Quod
1695 2382 1848 2468 qnoniam
1863 2383 1911 2464 iis,
1937 2383 1979 2446 de

284 2487 422 2574 priuatis
446 2485 645 2551 orationibus
668 2485 724 2571 qni
746 2483 901 2566 iudicant,
931 2483 1032 2566 deest,
1061 2504 1166 2567 genus
1194 2483 1323 2549 dicendi
1352 2485 1422 2550 sola
1451 2485 1519 2550 fere
1550 2477 1719 2548 iudicandi¹
1740 2483 1859 2567 regula
1883 2483 1980 2549 relin-

284 2590 405 2676 quitur.
451 2585 539 2667 Quid
564 2588 664 2671 igitur
689 2588 826 2671 mirum,
855 2585 883 2651 si
910 2583 1144 2668 Callimachus,
1181 2587 1302 2674 quippe
1337 2588 1394 2674 qni
1427 2589 1460 2650 in
1489 2585 1679 2671 colligendis
1712 2585 1917 2651 cordonibus
1946 2595 1979 2652 et

283 2689 422 2776 publicis
451 2689 650 2754 orationibus
677 2689 747 2752 sine
776 2689 842 2752 acri
869 2686 989 2753 iudicio
1011 2699 1162 2754 uersatus
1191 2689 1233 2754 sit
1244 2693 1277 2772 ¹),
1309 2690 1344 2753 in
1368 2689 1504 2775 priuatis
1532 2687 1731 2753 orationibus
1755 2689 1852 2752 etiam
1875 2688 1978 2754 multo

284 2791 387 2875 magis
410 2790 554 2856 errauit?

434 2893 545 2979 Atque
561 2892 646 2956 inter
660 2897 726 2957 tres
743 2901 776 2956 et
791 2891 926 2975 triginta
941 2893 1115 2973 orationes,
1132 2913 1213 2978 quas
1229 2901 1265 2956 ut
1281 2892 1427 2977 priuatas
1443 2888 1662 2956 Callimachus
1678 2891 1771 2956 nobis
1787 2891 1923 2957 tradidit
1936 2929 1977 2940 -

282 3016 358 3058 narn
382 2993 469 3081 quod
492 2996 655 3060 orationes
678 2991 836 3058 aduersus
851 2991 1082 3077 Nicostratum,
1106 2992 1147 3059 de
1169 2992 1367 3075 trierarchia,
1391 2991 1743 3076 contraTheocrinem,
1767 2994 1802 3056 in
1816 2993 1978 3058 Neaeram

280 3117 316 3159 re
329 3118 406 3160 nera
419 3096 569 3182 publicae
582 3105 658 3160 sunt
672 3096 921 3179 grammaticum
935 3093 1028 3159 illum
1041 3096 1191 3160 maximis
1205 3094 1472 3182 occupationibus
1485 3095 1978 3180 distentnmpraeteriit--inter

279 3207 345 3261 tres
369 3208 401 3263 et
424 3197 559 3283 triginta
580 3198 745 3264 orationes
766 3198 902 3285 inquam
924 3219 984 3262 sex
1006 3217 1168 3262 consensu
1191 3198 1346 3280 omniurn,
1372 3205 1532 3282 quantum
1554 3198 1634 3280 scio,
1657 3195 1889 3262 Demosthenis
1906 3217 1978 3262 esse

280 3311 469 3365 censentur:
494 3300 577 3365 duae
600 3300 762 3364 orationes
785 3300 818 3363 in
841 3299 1017 3385 Aphobum
1041 3297 1075 3378 [oi
1098 3308 1130 3363 et
1151 3297 1206 3382 β’),
1238 3298 1322 3364 duae
1350 3298 1509 3364 aduersus
1533 3297 1721 3382 Onetorenr,
1745 3299 1894 3383 exceptio
1917 3321 1976 3385 pro

278 3397 482 3485 Phormione,
492 3403 594 3467 oratio
606 3400 764 3466 aduersus
772 3399 950 3467 Cononem.
966 3400 1102 3466 Ceterae
1115 3401 1413 3466 orationes-aliae
1425 3403 1505 3484 inre,
1518 3401 1611 3484 aliae,
1627 3410 1664 3466 nt
1673 3401 1798 3488 opinor,
1811 3401 1975 3465 iniuria—

279 3503 466 3567 criticorum
498 3503 623 3567 indiciis
658 3502 942 3568 subtilissimorum
971 3503 1174 3588 improbatae
1203 3513 1290 3568 sunt.
1333 3505 1383 3567 Ac
1410 3504 1536 3588 primus
1565 3503 1696 3587 quidem
1719 3503 1759 3568 A.
1783 3499 1976 3568 Schacferus

186 3659 191 3668 .
279 3601 313 3665 in
335 3603 417 3669 libro
442 3627 539 3690 quem
556 3604 596 3668 de
612 3603 834 3669 Demosthene
858 3605 994 3691 eiusque
1011 3615 1118 3670 aetate
1141 3606 1324 3691 composuit
1338 3607 1522 3670 mauratius
1546 3604 1587 3668 de
1607 3605 1647 3670 iis
1670 3603 1866 3690 disquisinit.
1910 3603 1977 3689 Qui

279 3715 410 3789 praeter
436 3729 496 3771 sex
518 3704 600 3790 illas,
628 3728 709 3794 quas
740 3705 836 3772 modo
865 3706 944 3788 dixi,
974 3705 1032 3772 has
1055 3706 1269 3772 Demostheni
1297 3705 1459 3772 attribuit:
1486 3707 1648 3771 orationes
1670 3715 1784 3770 contra
1805 3704 1975 3796 Spudiam‚

278 3814 393 3870 contra
415 3805 593 3892 Calliclem,
617 3807 774 3875 aduersus
796 3809 956 3874 Boeotum
979 3808 1020 3873 de
1043 3811 1184 3894 nomine,
1218 3808 1376 3876 aduersus
1399 3807 1646 3891 Pantaenetum,
1678 3806 1837 3872 aduersus
1860 3807 1975 3874 Nausi-

451 3947 533 3954 -—...

434 4009 456 4071 1)
475 4011 550 4063 Inter
567 4015 684 4064 sedecim
702 4017 843 4066 cautiones
861 4014 912 4065 snb
931 4016 1040 4064 nomine
1057 4014 1246 4067 Demosthenis
1266 4016 1343 4066 nohis
1362 4013 1474 4065 traditas
1493 4013 1579 4064 oratio
1599 4011 1632 4062 de
1653 4011 1813 4064 Halonneso
1832 4015 1866 4064 ab
1885 4013 1976 4080 Hege-

274 4098 361 4163 sippo,
397 4098 482 4148 oratio
506 4098 539 4149 de
560 4099 667 4150 foedera
685 4099 832 4151 Alexandri
851 4099 885 4148 ab
904 4104 1011 4150 oratore
1029 4101 1119 4150 neseio
1142 4117 1195 4168 quo
1221 4103 1372 4166 composita
1391 4104 1440 4162 est,
1467 4097 1622 4162 Philippica
1645 4101 1741 4162 quarta
1764 4113 1844 4164 quam
1867 4105 1973 4164 nocant,

277 4183 363 4232 oratio
383 4182 416 4233 ds
434 4183 589 4248 republica
607 4184 765 4246 ordinanda,
792 4185 879 4234 eratin
898 4183 933 4233 ad
951 4183 1070 4250 Philippi
1094 4187 1236 4250 epistulam
1253 4187 1283 4235 in
1301 4184 1436 4235 rhetorum
1463 4182 1630 4249 quorundam
1652 4183 1696 4234 nel
1721 4183 1901 4248 sophistarum
1919 4200 1975 4234 um·

277 4265 394 4318 bracalia
414 4269 583 4333 conscriptae
608 4275 679 4320 sunt.
697 4269 733 4319 H.
752 4269 866 4320 Weilius
885 4267 999 4332 quidem,
1018 4273 1049 4318 nt
1066 4268 1235 4320 winiswskii
1254 4276 1282 4319 et
1298 4268 1465 4318 Boehneclrii
1490 4267 1590 4318 indicia
1618 4267 1742 4318 omnibus
1769 4274 1835 4318 nota
1858 4275 1973 4333 praeter·

275 4351 386 4414 mittam,
409 4367 493 4418 nuper
515 4351 544 4402 in
569 4352 687 4404 editione
711 4355 865 4404 contionum
893 4354 1161 4404 Demosthenicarum
1184 4354 1247 4417 (Les
1270 4354 1421 4418 harengum
1444 4352 1478 4403 de
1504 4351 1687 4403 Demosthene
1709 4367 1758 4417 par
1785 4353 1870 4404 Henri
1894 4354 1974 4415 Weil,

275 4434 353 4485 Puris
374 4436 450 4498 18⁷³)
469 4454 495 4502 p.
515 4441 650 4490 Sida-865
675 4444 702 4488 et
724 4439 1104 4505 p.419-421Philippieam
1128 4444 1251 4504 quartam
1277 4442 1305 4490 et
1329 4437 1468 4488 exordium
1489 4438 1620 4488 orationis
1643 4437 1677 4488 ad
1694 4435 1814 4502 Philippi
1832 4437 1973 4502 epistulam

275 4519 450 4572 Demostheni
467 4523 578 4573 reddere
596 4530 711 4575 conatus
730 4531 797 4574 est..
816 4522 868 4573 Sed
887 4524 1008 4589 argutius
1026 4538 1105 4588 quarn
1117 4524 1206 4574 uerius
1223 4523 1288 4572 mihi
1304 4523 1588 4574 uideturdissernisse.
1600 4547 1631 4558 -
1645 4521 1718 4571 Inter
1736 4536 1831 4571 nouem
1849 4521 1973 4586 publicas

275 4605 409 4656 orationes
428 4607 494 4658 duas
512 4608 641 4658 aduersus
659 4607 871 4674 Aristogitonem
888 4609 1003 4675 scriptas
1022 4607 1105 4658 falsas
1125 4623 1184 4658 essa
1202 4621 1279 4657 nemo
1299 4612 1340 4657 est
1358 4609 1404 4672 qni
1422 4614 1510 4673 neget.
1546 4605 1628 4668 eras,
1652 4610 1684 4656 nt
1700 4605 1735 4656 A.
1751 4605 1973 4658 Westermannus

277 4688 468 4752 (Quaestiones
487 4691 725 4756 Demosthenieae,
743 4694 837 4758 partie
857 4692 907 4743 111.
927 4709 953 4759 p.
974 4690 1103 4753 94—108)
1122 4696 1150 4742 et
1166 4692 1197 4744 Δ.
1217 4691 1377 4742 Schaeferns
1394 4691 1602 4756 (Demosthenes
1620 4691 1675 4740 und
1693 4691 1768 4741 seine
1786 4689 1852 4751 zen,
1870 4691 1901 4742 Β.
1920 4691 1972 4743 ῙΠ.

271 4771 383 4839 Bailage
402 4774 449 4825 1v.
468 4793 492 4840 p.
513 4777 659 4838 lla-129)
669 4777 845 4842 probabiliter
861 4783 1050 4844 exposuerunt,
1070 4775 1121 4826 dno
1140 4777 1260 4828 rhetoras
1270 4791 1319 4826 sua
1330 4781 1426 4841 sponte
1445 4777 1495 4827 suh
1508 4775 1699 4826 Demosthenis
1712 4775 1819 4824 nomine
1830 4774 1971 4840 finxerunt,

271 4856 351 4916 Quod
368 4859 400 4909 R.
418 4860 531 4910 Braunii
549 4861 747 4912 dissertationis
765 4877 834 4927 qnae
851 4863 981 4930 inscripta
1000 4867 1040 4913 est
1069 4861 1121 4924 ,De
1140 4862 1247 4913 duabus
1267 4861 1395 4912 aduersus
1414 4860 1626 4925 Aristogitonem
1644 4859 1812 4911 orationihus
1830 4874 1896 4924 quas
1917 4860 1971 4911 Ds-

271 4943 423 4994 mosthenss
442 4945 582 5008 scripsisse
602 4944 694 5007 fertur,
713 4945 955 5012 Gryphiswaldiae,
976 4947 1058 4999 1878‘.
1077 4946 1213 5012 exemplar
1231 4947 1295 4997 mihi
1315 4961 1369 4996 non
1388 4945 1440 4995 luit
1457 4945 1628 4996 uehementer
1644 4943 1732 4998 doleo.

1794 5048 1807 5094 1
