4620 5748
1111 353 1132 424 5

994 440 1249 450 *m-

272 585 332 652 pro
355 582 403 644 eo,
425 579 548 624 una-
563 557 712 643 exceptio
735 577 793 642 pro
816 554 1010 620 Phormione
1034 592 1075 602 -
1096 565 1210 620 contra
1232 575 1307 619 eum
1326 555 1451 638 scripta
1471 562 1528 618 est.
1562 551 1733 618 Accedunt
1760 554 1968 619 orationes

273 664 321 729 de
342 658 580 728 trierarchia
601 667 640 723 et
662 658 701 721 in
725 657 987 742 Euergum²³),
1011 679 1149 745 quarum
1172 659 1259 744 prior
1274 655 1412 720 Libanio
1433 676 1493 742 pro
1507 653 1709 740 Apollodoro
1733 655 1857 741 scripta
1879 653 1968 720 nide-

272 765 431 846 batur²⁴),
455 762 558 829 altera
580 785 600 826 a
620 758 854 825 recentioribus
877 759 997 825 criticis
1021 768 1154 846 propter
1176 757 1422 824 similitudinem
1443 759 1572 842 generis
1592 755 1747 844 loquendi
1764 757 1968 824 orationibus

273 864 501 954 Apollodoreis
540 885 624 950 quae
663 861 817 926 dicuntur
856 847 1012 926 adirincta
1050 872 1109 925 est.
1159 860 1249 926 luter
1289 861 1347 925 has
1379 860 1492 926 decem
1525 861 1687 926 orationes
1722 860 1871 946 exceptio
1908 881 1968 947 pro

272 968 477 1050 Phormione,
500 963 587 1052 quod
610 962 867 1028 aDemostheue
890 984 963 1026 eam
985 965 1198 1050 compositam
1221 983 1292 1027 esse
1315 962 1464 1028 omnibus
1488 984 1618 1048 sempor
1640 961 1822 1044 constabat,
1846 962 1968 1030 criticis

271 1092 370 1137 curae
399 1079 469 1134 erat
496 1065 583 1131 haud
611 1066 658 1130 ita
686 1087 836 1150 magnae,
865 1073 1002 1146 ceterae,
1031 1074 1068 1130 ut
1091 1065 1132 1130 de
1163 1064 1326 1130 ueteribus
1357 1065 1476 1129 criticis
1506 1087 1572 1128 non
1600 1063 1718 1147 dicam,
1747 1065 1968 1130 recentiorum

180 1227 183 1234 .
273 1175 406 1258 ingenia
427 1171 569 1234 maximo
591 1166 849 1244 exercebaut²⁶t
893 1165 1007 1251 Neque
1031 1176 1140 1232 tamen
1163 1165 1318 1232 iudicium
1342 1166 1547 1232 mediocriter
1569 1175 1694 1231 certum
1717 1165 1758 1230 de
1780 1167 1819 1232 iis
1844 1166 1967 1233 dictum

271 1284 350 1356 erat,
373 1272 563 1362 pruisquam
587 1271 626 1335 A.
642 1269 835 1336 Schaeferus
858 1267 936 1353 quid
960 1267 1001 1332 de
1023 1269 1063 1333 iis
1086 1280 1236 1334 censeret
1259 1270 1292 1334 in
1317 1268 1459 1333 medium
1482 1267 1567 1334 tulit.
1611 1268 1656 1333 Et
1676 1268 1703 1333 is
1725 1267 1860 1355 quidem
1880 1269 1964 1336 haec

272 1381 341 1442 lere
362 1373 590 1450 iudicauitr²⁶t

413 1480 441 1541 1.
476 1475 648 1540 Orationes
677 1483 792 1537 contra
813 1471 1011 1558 Callippum,
1039 1471 1197 1538 aduersus
1220 1471 1449 1555 Nicostratum,
1478 1471 1637 1539 aduersus
1663 1472 1872 1538 Timotheum
1902 1475 1964 1540 etsi

477 1576 565 1664 apud
579 1575 703 1641 iudices
718 1572 846 1638 habitas
862 1595 932 1640 esse
947 1583 1084 1656 constat,
1101 1585 1211 1638 tameu
1226 1585 1410 1661 temporum
1426 1576 1507 1640 ratio
1524 1573 1632 1641 obstat
1645 1597 1686 1640 ne
1705 1595 1724 1638 a
1740 1574 1964 1641 Demosthene

479 1700 533 1743 eas
556 1678 755 1763 compositas
777 1697 849 1742 esse
871 1677 1051 1762 opinemur.

412 1785 441 1846 ι.
476 1780 608 1864 Septem
637 1779 800 1843 orationes
828 1800 886 1865 pro
909 1776 1108 1864 Apollodoro
1136 1779 1276 1865 scriptae
1304 1787 1337 1842 et
1364 1779 1466 1844 oratio
1494 1779 1528 1842 in
1557 1779 1723 1862 Euergum
1752 1789 1789 1842 ut
1816 1780 1968 1861 genuinis

478 1881 706 1947 Demosthenis
729 1879 928 1944 orationibus
950 1889 1019 1946 arte
1041 1879 1201 1946 rhetorice
1224 1890 1256 1944 et
1278 1901 1399 1964 genere
1412 1877 1568 1966 loquendi
1583 1879 1713 1960 cedunt,
1735 1879 1782 1944 ita
1795 1879 1881 1944 inter
1895 1903 1968 1947 sese

477 1995 545 2050 tam
572 1981 694 2047 similes
722 1993 809 2065 sunt,
836 1993 873 2048 ut
901 2005 955 2047 eas
983 1983 1040 2046 uni
1067 1982 1215 2068 scriptori
1246 1980 1387 2046 tribuere
1410 1980 1598 2065 debeamus,
1621 1979 1831 2066 Apollodoro.
1875 1983 1968 2048 Prior

478 2085 609 2172 quidem
632 2084 736 2149 oratio
758 2084 792 2146 in
815 2082 1020 2168 Stephanum
1045 2097 1114 2149 arte
1137 2083 1298 2148 rhetorica
1320 2085 1436 2148 ceteris
1459 2082 1556 2170 paulo
1572 2081 1746 2164 antecedit,
1769 2081 1827 2148 sed
1843 2083 1904 2148 hoc
1926 2107 1968 2149 ex

478 2188 599 2253 maiore
623 2208 721 2270 quam
745 2183 965 2270 Apollodorus
987 2187 1022 2249 in
1044 2185 1202 2269 litigando
1224 2184 1476 2251 nanciscebatur
1499 2186 1730 2252 exercitatione
1754 2186 1909 2271 sequitur.

411 2293 441 2356 3.
475 2288 589 2354 Oratio
612 2286 654 2352 de
676 2287 867 2351 trierarchia
889 2298 925 2352 ut
947 2309 982 2351 re
1004 2309 1084 2352 uera
1098 2287 1186 2374 apud
1201 2287 1324 2352 iudices
1340 2287 1451 2353 habita
1465 2297 1524 2372 est,
1546 2289 1593 2354 ita
1614 2309 1722 2374 neque
1737 2287 1967 2354 Demosthenis

479 2400 650 2476 estusque
666 2388 868 2474 Apollodori.
908 2387 1014 2468 Quam
1031 2390 1103 2473 quis
1118 2391 1336 2474 composuerit
1358 2390 1520 2458 incertum
1534 2389 1676 2477 quidem,
1699 2389 1757 2454 sed
1778 2388 1968 2454 uerisimile

480 2502 529 2558 est
552 2515 623 2556 eam
646 2491 801 2577 scriptam
825 2512 896 2554 esse
918 2512 937 2554 a
960 2490 1245 2576 Cephisodoto.²⁷)

427 2593 481 2658 Sic
502 2595 570 2659 fere
592 2593 748 2660 iudicauit
770 2593 810 2656 A.
834 2591 1039 2658 Schaeferus.
1084 2592 1150 2673 Qui
1178 2615 1252 2658 cnm
1280 2615 1319 2657 ea
1350 2615 1434 2679 quae
1456 2592 1499 2658 ad
1521 2615 1626 2679 genus
1648 2591 1778 2658 dicendi
1801 2594 1968 2679 pertinent

272 2692 414 2758 breuiter
436 2705 573 2778 tantum,
598 2708 635 2761 ut
657 2705 773 2760 natura
795 2693 868 2758 libri
890 2693 1026 2777 ferebat,
1050 2695 1222 2778 attigisset,
1246 2696 1282 2759 F.
1298 2696 1557 2780 Lortaingius²⁸l
1580 2704 1705 2780 septem
1722 2698 1886 2761 orationes
1908 2717 1967 2781 pro

272 2794 471 2881 Apollodoro
495 2799 632 2884 scriptas
654 2799 687 2861 in
711 2795 945 2860 accuratiorem
961 2819 1082 2862 uocans
1098 2798 1322 2882 quaestionem
1340 2797 1497 2862 iudicium
1512 2821 1531 2862 a
1547 2795 1721 2864 Schaefero
1737 2796 1839 2862 latum
1855 2797 1967 2864 multis

274 2902 473 2982 argumentis
496 2921 656 2984 agenore
680 2897 809 2962 dicendi
833 2899 941 2983 petitis
962 2897 1177 2964 confirmauit.
1221 2898 1336 2985 Neque
1359 2909 1469 2964 tamen
1491 2921 1561 2964 rem
1583 2908 1652 2965 tam
1676 2898 1889 2985 probabiliter
1912 2923 1968 2966 ex·

273 3002 392 3084 posuit,
416 3001 564 3068 utnulla
587 3001 628 3066 de
650 2998 851 3066 orationibus
874 2999 1103 3087 Apollodoreis
1126 3000 1286 3066 dubitatio
1309 3001 1557 3088 relinqueretur.
1602 2999 1700 3066 Unde
1720 3002 1909 3068 factumest
1931 3011 1968 3067 ut

271 3101 352 3167 ordo
375 3103 640 3190 philosophorum
663 3103 852 3168 Turioensis
875 3111 952 3166 ante
979 3101 1104 3186 aliquot
1132 3125 1236 3167 annos
1264 3105 1488 3188 quaestionem
1512 3103 1553 3169 de
1585 3105 1770 3170 orationum
1794 3105 1969 3192 Apollodo-

271 3225 400 3270 rearum
424 3208 582 3292 scriptore
606 3205 713 3270 denuo
746 3206 881 3270 tractari
915 3204 1049 3269 iuberet.
1094 3204 1156 3270 Oui
1194 3216 1386 3289 argumento
1421 3205 1652 3292 pertractando
1687 3228 1818 3292 operam
1842 3229 1967 3273 nauans

271 3307 301 3372 J.
324 3306 455 3392 Siggius
477 3307 622 3374 libellum
653 3307 799 3395 praemio
828 3305 961 3391 dignum
990 3307 1182 3393 composuit,
1212 3330 1276 3392 quo
1304 3305 1393 3371 illam
1420 3311 1644 3395 quaestionem
1674 3308 1873 3396 persolutam
1896 3331 1967 3374 esse

161 3441 166 3451 ·
272 3410 357 3474 inter
380 3412 466 3475 uiros
482 3409 594 3475 doctos
609 3412 798 3484 constater).
822 3409 933 3493 Atque
948 3409 974 3472 is
990 3407 1120 3495 quidem
1136 3410 1169 3472 in
1186 3421 1334 3474 extrema
1350 3413 1623 3477 commentatione
1637 3410 1698 3476 hoo
1713 3410 1869 3476 iudicium
1884 3412 1965 3477 fert:

418 3512 519 3576 Diese
531 3511 751 3595 hetrachtung
761 3509 1152 3596 derbehandlungsweise
1164 3513 1198 3576 in
1206 3512 1414 3600 verbiudung
1420 3513 1576 3600 gebracht
1584 3516 1643 3581 mit
1649 3512 1825 3579 deninden
1834 3512 1967 3580 frithern

274 3612 478 3680 ahsehnitten
497 3636 555 3678 aus
567 3613 625 3678 ‹ler
636 3612 877 3698 ttberlieferung
888 3612 1037 3678 unddem
1052 3614 1131 3679 stoff
1138 3637 1328 3700 gezogenen
1342 3616 1509 3682 schliissen
1522 3615 1610 3684 fnhrt
1622 3637 1684 3682 uns
1695 3637 1737 3680 au
1749 3614 1823 3680 dem
1838 3615 1967 3680 sichern

273 3713 483 3798 andresultat,
507 3715 582 3779 dass
606 3715 669 3780 die
695 3718 713 3780 7
737 3715 859 3780 reden
883 3736 1011 3801 gegen
1032 3715 1264 3803 Kallippus,
1286 3718 1566 3802 Nikostratus,
1590 3717 1833 3800 Timotheus,
1857 3718 1966 3807 Poly·

271 3845 351 3934 πρός
372 3850 545 3917 Πολυκλέα
572 3851 723 3937 περὶτοῦ
745 3850 1020 3940 τροηρορχήματος
1038 3871 1064 3920 p.
1088 3858 1152 3909 1206
1178 3871 1252 3922 seqq.
1272 3881 1304 3894 -·
1324 3873 1362 3908 or.
1382 3859 1413 3908 se
1432 3861 1460 3908 et
1478 3858 1526 3909 se:
1550 3849 1632 3920 χρη)
1653 3852 1824 3939 Στεφάνου
1846 3858 1964 3942 ψευδο.

271 3953 452 4038 μαρωριῶν
475 3951 496 4016 α’
516 3960 543 4005 et
564 3951 596 4037 β’
619 3973 646 4022 p.
667 3959 730 4009 1101
751 3971 827 4022 seqq.
846 3963 873 4007 et
893 3959 959 4008 1129
977 3972 1054 4023 seqq.
1075 3983 1105 3994 ·-
1124 3973 1163 4010 or.
1184 3961 1230 4010 59:
1255 3953 1337 4022 χαρά
1358 3957 1504 4042 Νεαίρας
1524 3975 1551 4025 p·
1574 3959 1638 4011 1845
1657 3973 1731 4024 seqq.

424 4053 464 4119 ¹⁸)
483 4057 560 4108 ⁰0⁰¹·
578 4071 616 4108 0¹·
636 4061 681 4109 11ι
700 4055 771 4141 περὶ
786 4057 842 4121 τοῦ
856 4054 1016 4138 στεφάνου
1033 4055 1089 4142 τῆς
1104 4059 1309 4143 τριηραρχίας
1326 4076 1352 4126 n·
1372 4063 1528 4126 12181111·
1547 4085 1576 4097 ··
1597 4076 1637 4112 er.
1654 4062 1703 4116 4⁷2
1720 4055 1802 4124 sard
1820 4054 1965 4147 Εὐέργου

270 4155 325 4220 καὶ
349 4154 580 4241 Μνησιβούλου
603 4159 887 4242 ψοοδομαριοριῶιν
910 4163 1116 4226 1111391111·

425 4256 583 4326 “)11ι11111·
611 4275 649 4314 er.
685 4263 718 4314 ‘¹⁰
752 4263 824 4312 trier.
859 4277 887 4327 11·
915 4263 994 4313 11181
1035 4257 1266 4345 Ἀπολλόδωρος
1298 4243 1356 4329 οὖν
1390 4257 1409 4326 ὁ
1434 4262 1611 4333 Πασίωνος·
1638 4259 1761 4348 πρῶτος
1792 4259 1850 4350 τήν
1884 4265 1964 4330 susis

270 4362 478 4442 περιορμίσαι·
502 4357 600 4444 ἔλαβε
620 4357 676 4425 τὸν
698 4359 868 4446 στέφανον,
909 4365 941 4415 ln
960 4364 1083 4414 oratione
1101 4380 1201 4417 nomen
1219 4367 1275 4417 eius
1293 4368 1339 4431 qui
1358 4367 1422 4416 dicit
1438 4381 1493 4416 non
1510 4366 1649 4431 reperitur.

425 4459 465 4525 ”)
483 4463 545 4514 uide
562 4464 595 4515 de
614 4466 665 4516 hac
682 4481 711 4516 re
728 4465 760 4518 A.
779 4465 916 4518 Schseieri
934 4465 1011 4518 Dem.
1029 4465 1080 4520 111.
1100 4466 1226 4521 additam
1244 4468 1276 4518 V.
1294 4483 1319 4534 p.
1340 4469 1388 4520 185
1406 4473 1434 4520 st
1450 4484 1477 4534 p.
1497 4471 1555 4520 198.

425 4544 464 4607 ²⁸)
482 4549 544 4598 uide
564 4549 598 4602 A.
615 4549 755 4600 Schaeieri
773 4550 851 4603 Dem.
869 4549 921 4602 111.
939 4551 1064 4602 additam.
1084 4551 1116 4602 V.
1134 4569 1160 4616 p.
1181 4556 1229 4603 loo
1249 4569 1324 4618 seqq.

424 4627 464 4691 ²²)
482 4632 574 4684 center
592 4635 624 4684 A.
643 4633 838 4686 Kirchhciflum
856 4637 884 4686 in
901 4637 969 4688 actis
992 4635 1146 4688 audentiae
1164 4637 1349 4690 Berolinensis
1370 4641 1434 4692 lese
1453 4655 1480 4705 p.
1501 4639 1621 4690 tt-lot
1639 4636 1672 4687 ds
1690 4637 1741 4687 hec
1762 4637 1883 4686 oratione
1900 4637 1964 4687 sub·

274 4714 357 4764 tillter
375 4719 403 4764 et
421 4717 530 4781 copiose
547 4717 730 4772 disserentem.

271 4881 293 4932 B
427 4795 466 4862 ”)
484 4801 527 4852 De
554 4805 719 4855 orationibus
743 4819 809 4871 quas
840 4805 1035 4856 Demosthenes
1058 4821 1106 4871 pro
1124 4805 1291 4872 Apollodoro
1318 4807 1456 4873 scripsisse
1480 4805 1572 4858 fertur.
1606 4805 1769 4858 Dissertatio
1794 4805 1962 4870 inauguralis

296 4884 458 4936 esolinensis
479 4887 552 4938 1861.

425 4967 464 5030 ”)
474 4969 670 5023 Derserissser
678 4973 1160 5039 naunangebliehsonDemostheuee
1168 4973 1575 5042 itirApollodorgeechriebener
1583 4973 1674 5028 reden.
1684 4973 1881 5026 sonJohannee
1888 4972 1962 5041 Sigg.

1769 5075 1780 5126 1
1792 5073 1807 5106 s
