4620 5748
1206 251 1249 330 10

735 456 807 533 De
833 453 1044 534 oratione
1067 452 1296 534 aduersus
1312 453 1728 554 ‘Phaenippumuu

535 621 726 694 Orationem
748 620 906 688 aduersus
921 619 1149 707 Phaenippum
1171 619 1211 685 de
1234 620 1473 708 permutatione
1488 643 1562 686 cum
1577 621 1642 688 iam
1657 629 1785 690 ueteres
1801 618 1903 684 critici
1927 615 2076 702 quidam,.

382 735 420 792 ut
440 724 597 789 Libenius
619 725 790 805 narret⁴⁰)‚
813 723 847 786 in
870 721 1004 786 dubium
1026 731 1208 804 uocassent,
1231 722 1318 787 inter
1339 723 1537 788 recentiores
1560 719 1600 786 A.
1623 719 1861 798 Boeclrhius⁴¹l
1885 727 1916 784 et
1939 727 2078 785 auctore

381 827 411 896 J.
435 825 586 894 Belrlrero
609 845 721 887 omnes
743 823 882 888 editores
904 845 925 887 a
951 822 1172 888 Demosthene
1199 822 1437 908 abiudicarunt‚
1468 823 1568 908 idque
1596 845 1660 888 non
1688 833 1755 888 tam
1783 828 1917 910 propter
1943 841 2072 904 causae,

380 935 418 995 ut
433 927 555 1012 opinor,
577 923 821 1010 dispositionem
836 933 869 988 et
883 924 1117 1009 expositionem
1135 945 1233 1008 quam
1248 935 1381 1011 propter
1395 924 1597 1009 singularum
1613 923 1819 1012 quarundam
1833 925 2069 988 sententiarum

381 1027 530 1112 ineptias.
574 1025 688 1109 Neque
720 1025 781 1090 hoc
814 1029 889 1090 uolo
916 1025 1061 1110 intellegi
1089 1028 1268 1092 orationem
1297 1036 1462 1092 structam
1482 1047 1554 1091 erse
1583 1035 1616 1090 et
1648 1035 1819 1112 angustam
1842 1035 1877 1090 et
1899 1024 2079 1090 concitem..

380 1127 465 1194 Nam
487 1149 555 1193 rem
578 1130 624 1192 ita
646 1147 716 1191 sese
738 1149 803 1191 non
825 1126 945 1192 babere
973 1127 1038 1192 iarn
1069 1125 1240 1191 exordium
1268 1126 1455 1211 legentibus
1483 1127 1669 1215 perspicere
1700 1126 1793 1193 nobis
1814 1127 1900 1193 linet.
1943 1126 2074 1194 Etenim

381 1240 419 1300 ut
441 1231 474 1294 in
498 1229 593 1294 initio
616 1228 770 1294 orationis
793 1251 922 1294 causam
951 1228 1079 1316 deque
1106 1228 1215 1311 agitur
1236 1228 1352 1294 leuiter
1379 1229 1541 1313 attingere
1564 1229 1702 1295 oratoris
1724 1228 1856 1296 uidetur
1887 1249 1958 1294 csse
1983 1232 2081 1292 exet--

386 1333 491 1413 citati,
514 1332 562 1395 ita
588 1331 643 1418 qui
670 1329 816 1413 singulas
843 1351 895 1395 res
924 1351 1053 1416 easque,
1089 1351 1173 1416 qnae
1200 1329 1285 1395 inira
1313 1331 1482 1416 praeteriri
1510 1340 1684 1418 nequeant,
1720 1330 1915 1414 expositioni
1950 1339 2077 1394 temere

382 1433 559 1521 praeripiat
580 1432 614 1494 in
642 1432 817 1496 maximam
846 1429 934 1495 cedit
959 1432 1242 1518 uituperationem.
1286 1430 1400 1517 Neque
1427 1439 1536 1497 eutem
1563 1432 1689 1518 reliqna
1716 1432 1818 1496 oratio
1842 1430 2074 1499 Demosthenis

381 1555 528 1622 pressam
550 1531 648 1598 habet
669 1531 821 1618 loquendi
843 1534 1013 1597 rationem.
1058 1532 1107 1597 Ac
1129 1553 1187 1598 suo
1209 1533 1280 1596 iure
1303 1532 1342 1596 A.
1365 1531 1609 1610 &haeret-uses)
1632 1533 1690 1598 hos
1713 1532 1876 1618 improbet
1898 1532 2002 1598 locos:

534 1654 553 1732 ξ
580 1653 632 1716 13:
660 1650 716 1714 καὶ
737 1653 828 1722 δίκας
849 1650 903 1716 καὶ
924 1653 1039 1737 κρίσεις
1062 1647 1299 1735 ἀναβάλλονται
1320 1659 1385 1725 τοῖς
1407 1647 1631 1723 οἷντιδίκοιςοί
1653 1643 1814 1736 ἄρχοντες.

535 1769 632 1850 815ι
661 1765 722 1855 χρῆ
744 1767 803 1832 δ’.
829 1817 836 1832 .
863 1819 870 1833 .
897 1817 904 1832 .
930 1766 1062 1842 ἐκείνοις
1088 1773 1237 1857 βοηθεῖν,
1267 1767 1378 1844 οίτινες
1406 1763 1446 1834 όν
1471 1765 1529 1856 την
1555 1769 1617 1834 τῶν
1643 1767 1753 1851 νόμων
1780 1766 1892 1857 φωνην
1914 1767 2079 1853 ὑμετέραν

381 1858 467 1936 εἶναι
486 1871 649 1952 νομίζωσι,
672 1869 727 1933 καὶ
752 1865 809 1955 τήν
830 1865 955 1956 ἡμέραν
976 1868 1101 1957 ταύτην,
1124 1867 1183 1958 τήν
1203 1871 1251 1944 είς
1271 1866 1307 1936 ro*
1333 1868 1544 1958 δικαστήριον,
1574 1866 1654 1958 δπὲρ
1675 1871 1738 1936 τῶν
1762 1867 1965 1960 ἠδικημένων
1984 1871 2076 1953 νομί-

382 1975 469 2052 ζωσι,
492 1968 539 2058 μη
560 1971 622 2035 τόν
643 1967 848 2056 ἠδικηκότων.

536 2071 674 2136 Praeter
696 2093 736 2136 ea
756 2071 815 2136 hos
838 2071 927 2136 locos
948 2071 1157 2157 protulerim:

536 2175 634 2254 ξλῖι
668 2173 700 2236 οἱ
725 2169 761 2238 δὲ
787 2171 837 2238 σοὶ
864 2175 998 2259 πατέρες
1023 2170 1179 2238 τοσούτων
1204 2153 1287 2261 ἦσαν
1313 2169 1414 2258 κόριοι
1441 2170 1623 2259 χρημάτων,
1652 2167 1735 2239 ὥσθ’
1761 2173 1915 2260 ἑκατέραν
1945 2174 2080 2260 τρίπους

383 2269 559 2352 οίνοίκειται,
582 2271 778 2358 νικησάντων
801 2270 906 2339 αὐτῶν
927 2271 1081 2339 Διονύσια
1110 2269 1337 2359 χορηγούντων.
1382 2273 1472 2338 Haec
1500 2272 1654 2358 periodus
1683 2285 1733 2340 eat
1759 2275 1942 2362 implieeta3
1972 2274 2074 2340 multo

381 2373 564 2458 expeditior
590 2396 629 2440 ea
656 2383 750 2456 esset,
779 2375 806 2439 si
834 2374 991 2460 scriptum
1019 2383 1118 2439 esset:
1148 2367 1230 2439 ὥσθ’
1251 2373 1398 2460 ἑκάτερος
1424 2377 1560 2460 τρίποδα
1599 2373 1743 2463 doteque
1770 2374 1900 2465 νικήσας
1922 2374 2078 2446 Διονύσια

384 2473 543 2561 κοινῶν·

536 2561 621 2640 §23
650 2557 721 2624 ἀλλ’
750 2555 813 2640 ε’γοδ
839 2560 933 2640 δείξω
960 2559 1052 2623 πολλ’
1083 2556 1267 2644 α’νηλωκαίς,
1298 2555 1395 2646 ότην
1416 2556 1532 2645 μικρδν
1554 2556 1668 2627 οὐσίαν
1689 2558 1890 2648 παραλαβών
1911 2558 1999 2650 παραὶ
2019 2563 2082 2627 τοῦ

382 2657 511 2744 πατρός.
557 2659 653 2740 Quod
681 2659 841 2726 hocloco
870 2661 1007 2746 scriptor
1033 2659 1214 2746 pollicetur,
1242 2659 1275 2723 id
1303 2683 1369 2726 non
1398 2661 1504 2727 soluit.
1549 2660 1632 2726 Nem
1660 2661 1694 2728 in
1715 2663 1755 2728 iis
1782 2685 1865 2751 quae
1896 2672 2083 2750 sequuntur

382 2758 474 2824 nulla
497 2759 592 2826 huius
614 2761 662 2825 rei
685 2761 806 2826 mentio
827 2759 875 2828 fit.

533 2860 607 2926 Non
628 2883 734 2946 pauca
754 2863 854 2946 igitur
874 2863 1081 2948 reperiuntur
1103 2884 1186 2950 quae
1209 2862 1343 2928 uenient
1357 2861 1390 2926 in
1412 2864 1694 2950 uituperationern.
1729 2863 1837 2938 Nihilo
1859 2865 1965 2929 minus
1988 2863 2076 2928 hanc

381 2963 560 3027 orationem
583 2962 765 3048 complures
788 2963 877 3046 alias,
902 2985 982 3050 quas
1005 2963 1103 3028 etiarn
1124 2962 1220 3028 hodie
1236 2963 1473 3036 existimatores
1495 2965 1628 3051 quidam
1643 2965 1859 3031 Demostheni
1875 2964 2080 3047 adiudicant,

380 3072 415 3130 et
435 3063 595 3132 breuitate
617 3063 771 3132 narrandi
793 3073 827 3135 et
847 3063 1099 3150 argumentandi
1121 3063 1348 3152 probabilitate
1371 3065 1565 3131 antecellere
1586 3067 1734 3132 arbitror.
1772 3067 1822 3131 Ac
1837 3066 2077 3152 quaerentibus

377 3165 478 3232 ,nobis
506 3187 564 3232 cur
590 3166 693 3232 critici
720 3165 783 3250 illi,
813 3187 894 3252 quos
922 3188 988 3234 non
1015 3167 1062 3232 ita
1092 3164 1276 3232 fastidiosos
1302 3165 1401 3232 fuisse
1428 3175 1570 3251 constat,
1599 3189 1670 3244 eam
1696 3167 1732 3232 in
1760 3166 1914 3232 falsarum
1941 3189 2082 3240 numero

382 3265 554 3334 retulerint
576 3288 675 3338 eausa
696 3289 763 3332 non
785 3277 853 3332 tam
868 3267 910 3336 ab
926 3269 965 3334 iis
981 3287 1066 3352 quae
1081 3269 1406 3333 commemoranimue
1421 3269 1509 3334 uitiis
1527 3291 1626 3354 quam
1642 3292 1663 3336 a
1680 3267 1884 3354 singulorum
1899 3268 2079 3334 uerborum

384 3367 438 3432 nel
462 3369 708 3435 sententiarum
741 3368 924 3440 insulsitate
960 3367 1091 3439 uidetur
1123 3367 1265 3456 petenda
1298 3390 1378 3434 esse.
1423 3369 1533 3458 Atque
1561 3369 1602 3435 G.
1627 3369 1670 3436 H.
1699 3367 1915 3446 Schaeferi⁴³l
1944 3369 2077 3456 quidem

384 3469 530 3553 scrupuli
551 3470 649 3554 positi
670 3477 747 3535 sunt
768 3471 803 3534 in
824 3471 935 3557 primis
959 3470 1113 3536 orationis
1135 3469 1257 3535 uerbis:
1285 3465 1400 3536 Πολλοὶ
1421 3469 1557 3555 κάγαθοί
1578 3475 1701 3557 γίνοιτ’,
1733 3455 1760 3538 bi
1783 3467 1894 3560 ἄνδρες
1915 3474 2073 3553 δικασταί,

385 3570 509 3656 πρῶτον
530 3568 592 3652 μὲν
615 3567 693 3652 δμίν
715 3565 845 3652 ἅπασιν,
870 3568 981 3638 ἔπειτα
1003 3567 1039 3637 δὲ
1060 3571 1115 3636 καὶ
1135 3570 1262 3638 Σόλωνι
1282 3573 1326 3658 aqi
1346 3573 1601 3662 νομοθετήσαντι
1622 3569 1678 3639 τόν
1703 3574 1777 3662 περὶ
1801 3575 1864 3640 τῶν
1887 3565 2084 3640 α’νιιδόσεων·

382 3668 495 3754 νόμον,
520 3669 554 3735 in
578 3670 814 3737 obsecrationis
835 3671 982 3738 formulis
1003 3669 1045 3759 νῆ
1066 3670 1139 3748 roric
1160 3669 1262 3745 θεοδς
1282 3671 1338 3737 καὶ
1357 3672 1443 3748 θεοῖς
1469 3680 1502 3757 (5
1524 3677 1557 3752 6)
1579 3683 1614 3740 et
1636 3672 1715 3761 πρδς
1736 3676 1798 3741 τῶν
1818 3675 1910 3742 θεῶν
1930 3674 1987 3740 καὶ
2008 3676 2083 3741 δτι·-

385 3769 495 3858 μόνων
517 3777 550 3856 (ἓ
574 3775 636 3856 17),
659 3773 693 3836 in
716 3795 754 3838 eo
777 3773 865 3857 quod
887 3775 922 3837 in
944 3777 964 3856 ξ
987 3773 1158 3840 reuersis
1180 3776 1266 3859 λαβέ
1283 3796 1340 3855 μοι
1362 3774 1493 3840 additur
1513 3775 1686 3841 uocatiuus
1708 3777 1905 3862 γραμματεῦ.

540 3891 606 3960 Sed
628 3891 860 3969 obsecrationis
881 3891 1055 3972 formulam
1075 3889 1117 3978 νη
1138 3887 1210 3965 τοδς
1230 3886 1332 3964 θεοὺς
1352 3891 1408 3957 καὶ
1428 3890 1513 3966 θεας
1535 3902 1568 3959 et
1583 3889 1685 3972 uerba
1699 3894 1786 3979 λαβέ
1797 3914 1864 3978 μοι,
1887 3893 2079 3980 γραμματεῦ

387 4017 462 4068 cnm
483 3996 693 4084 improbaret,
714 3995 922 4062 doctissimus
942 3991 997 4058 ille
1019 3993 1290 4078 niraequitatem
1313 3991 1444 4060 uidetur
1465 4015 1581 4084 parum
1605 4015 1763 4062 seruasse.
1806 3993 1890 4061 Nem
1910 3992 1970 4061 illa
1989 3993 2080 4060 obse·

388 4098 540 4165 cretionis
567 4095 671 4164 uerba
698 4120 897 4186 quemquam
924 4117 1030 4184 neque
1057 4094 1091 4159 in
1119 4095 1256 4180 priuatis
1283 4115 1389 4182 neque
1415 4095 1450 4160 in
1478 4097 1593 4162 ceteris
1621 4095 1852 4163 Demosthenis
1879 4093 2081 4162 orationihus

389 4201 606 4288 reperiuntur,
634 4209 755 4284 temen,
783 4199 976 4286 praesertim
1002 4219 1077 4262 curn
1104 4196 1138 4261 in
1166 4196 1312 4262 oratione
1341 4196 1498 4262 aduersus
1526 4196 1693 4265 Cononem
1719 4197 1931 4264 inueniuntur
1961 4193 2080 4262 uerba:

390 4297 594 4389 deprimentis
619 4295 722 4373 θεοδς
746 4301 801 4366 καὶ
827 4297 884 4374 adr
909 4295 995 4374 θεδς
1017 4292 1161 4372 ἅπαντας
1186 4297 1241 4364 καὶ
1261 4295 1368 4371 πόσας
1394 4302 1428 4381 (ἓ
1449 4300 1514 4382 41),
1543 4297 1623 4364 nibil
1650 4299 1770 4367 babere
1796 4299 1952 4365 uidentur
1980 4295 2085 4363 offen·

546 4470 584 4536 ”l
602 4471 679 4522 nem.
698 4485 736 4521 er.
755 4473 801 4521 4²²
824 4463 904 4553 πρός
926 4469 1112 4534 Φαίνιππον
1132 4465 1206 4552 περὶ
1228 4464 1424 4540 ἀντιδόσεως·
1452 4486 1478 4538 0·
1499 4472 1564 4524 ¹⁰³⁸
1582 4485 1658 4538 seqq.

546 4569 587 4636 10)
605 4587 707 4640 ”sum-
724 4589 750 4640 s·
770 4573 848 4628 1⁰3⁷²
880 4564 900 4634 ὅ
919 4565 982 4651 μὲν
1002 4566 1096 4652 λόγος
1118 4564 1176 4645 oria
1192 4565 1398 4663 ,ἀναφέρεται
1419 4565 1509 4656 παρα
1525 4592 1621 4646 ,τινων
1643 4567 1688 4642 εἲς
1708 4565 1763 4634 τδν
1784 4567 2013 4662 Δημοςθένην.

547 4671 587 4736 *1)
606 4674 658 4727 Die
677 4672 953 4740 Strambepsbaltrrpg
970 4671 1018 4722 der
1036 4671 1155 4737 Athener
1172 4672 1202 4736 1..
1221 4676 1279 4725 6οι

546 4756 587 4821 ⁴²>
604 4758 681 4813 Dem.
698 4758 750 4811 111.
767 4757 836 4812 seu
853 4757 900 4810 Vl.
917 4773 944 4824 p.
962 4757 1021 4808 081.

546 4841 586 4910 ⁴⁸)
604 4843 639 4896 el.
657 4843 748 4897 adnot.
767 4843 801 4894 ed
818 4859 845 4909 p.
866 4845 941 4905 1088,
961 4845 985 4894 1.
1006 4843 1079 4904 1000,
1098 4843 1141 4893 00.
1161 4841 1235 4905 tots,
1247 4843 1279 4893 ·5.
