4620 5748
1102 322 1138 394 ll

992 410 1246 423 --.-,---

268 525 378 592 sienis.
421 523 537 612 Neque
563 523 703 590 alterum
730 523 817 608 quod
847 521 1040 592 Sebaelerus
1068 523 1239 589 adnotauit
1267 522 1365 588 debet
1399 515 1585 610 improbari
1629 519 1712 585 Nam
1747 521 1781 584 in
1818 521 1967 586 oratione

269 625 311 692 de
332 623 416 692 t'alsa
437 623 601 710 legatione
623 629 643 706 ξ
667 627 729 690 270
751 623 904 710 legimus:
925 625 1019 691 ταυτὶ
1040 621 1151 710 λαβεῖν
1173 623 1351 706 ἀνάγνωθι,
1375 624 1570 710 γραμματεῦ.

423 742 469 808 At
491 743 616 830 reliqua
637 742 829 810 Schaet'erus
857 744 1056 829 uituperauit
1085 765 1143 808 suo
1170 743 1251 808 iure.
1295 741 1378 806 Nam
1407 740 1638 806 obsecrationis
1667 739 1768 806 uerba
1801 738 1881 824 πρδς
1902 741 1968 805 τῶν

268 843 360 912 θεῶν
380 843 436 910 καὶ
456 842 629 926 δαιμόνων,
652 854 689 908 ut
710 844 752 909 de
767 845 816 908 bis
831 845 922 928 prius
938 866 1112 930 exponam,
1135 863 1241 930 neque
1257 843 1463 928 reperiuntur
1478 841 1567 928 apud
1583 840 1838 908 Demosthenem
1853 861 1962 925 neque

269 944 339 1014 ullo
365 944 469 1018 modo¹
490 953 628 1032 possunt
655 945 796 1010 delendi.
840 945 1048 1010 Daemonum
1075 946 1162 1010 enim
1190 945 1278 1010 notio
1301 966 1322 1009 a
1342 944 1478 1029 priuatis
1501 941 1729 1008 Demosthenis
1758 942 1960 1008 orationibus

271 1045 406 1114 omnino
427 1043 521 1110 abest
550 1067 656 1130 neque
683 1046 850 1112 contiones
879 1048 947 1110 eius
976 1055 1009 1110 et
1031 1043 1179 1130 publicas
1206 1045 1369 1110 orationes
1396 1045 1615 1130 perscrutanti
1643 1042 1720 1106 mihi
1750 1063 1816 1108 nox
1840 1045 1968 1124 δαίμων

270 1145 342 1213 aliis
370 1167 469 1230 quam
498 1145 547 1210 his
575 1145 703 1212 duobus
730 1145 885 1212 orationis
914 1145 956 1210 de
985 1167 1105 1212 corona
1131 1145 1210 1211 locis
1239 1144 1445 1210 occurrebat.
1474 1149 1494 1226 ξ
1518 1147 1594 1208 192
1623 1141 1743 1226 τὸμὲν
1765 1141 1824 1229 γάρ
1851 1147 1964 1228 πέρας,

270 1346 437 1426 ἑκάστοις,
460 1343 556 1435 scorp
578 1351 757 1434 κέχρηνται.
795 1347 856 1414 His
879 1369 921 1412 ex
942 1347 1022 1414 locis
1045 1370 1124 1412 num
1146 1348 1270 1414 coicere
1291 1294 1388 1412 liceat
1412 1281 1588 1412 abhorrere
1610 1368 1630 1409 a
1647 1345 1878 1411 Demosthenis
1900 1366 1964 1410 usu

270 1445 426 1534 loquendi
449 1469 620 1530 numerum
635 1446 794 1532 pluralem
808 1446 971 1531 δαιμόνων
985 1448 1132 1535 relinquo
1148 1469 1359 1534 suspensum:
1381 1448 1443 1512 boc
1457 1457 1608 1533 apertum
1624 1459 1674 1512 est
1690 1447 1966 1530 manifestumque

254 1559 348 1619 'enm
372 1549 506 1616 uocibus
529 1547 687 1634 όδαίμων
710 1559 741 1616 et
764 1545 877 1622 όθεός
899 1552 965 1616 uim
987 1549 1163 1616 subiecisse
1178 1549 1326 1616 eandem.
1364 1550 1459 1630 Quae
1475 1571 1549 1614 cum
1564 1551 1611 1614 ita
1625 1550 1699 1630 sint,
1724 1545 1966 1616 Demosthenes

273 1649 507 1720 obsecrationis
531 1651 631 1718 uerba
653 1649 732 1736 πρός
754 1653 816 1718 τῶν
837 1653 926 1718 θεῶν
947 1651 1002 1716 καὶ
1024 1649 1186 1733 δαιμόνων
1213 1674 1279 1716 non
1306 1654 1412 1736 potuit
1443 1672 1609 1735 usurpare.
1654 1648 1719 1714 Sed
1748 1649 1830 1714 haec
1851 1650 1965 1730 uerba,

273 1754 373 1817 etiam
395 1753 423 1814 si
444 1751 532 1837 apud
549 1751 802 1816 Demosthenem
826 1775 891 1817 non
913 1752 1134 1836 significarent
1149 1751 1245 1836 idem,
1268 1763 1377 1818 tamen
1393 1753 1568 1816 maximam
1583 1749 1676 1816 nobis
1691 1751 1848 1814 inicerent
1863 1749 1968 1834 suspi-

275 1854 413 1918 cionem.
447 1852 496 1916 ‘ln
517 1852 655 1938 priuatis
678 1854 764 1916 enim
786 1853 985 1918 orationibus
1008 1853 1099 1917 utin
1122 1852 1379 1916 obsecrationum
1404 1860 1437 1915 et
1459 1871 1594 1915 numero
1618 1860 1651 1915 et
1672 1850 1781 1915 uerbis
1798 1849 1968 1914 adhiberet

274 1952 408 2019 modum
431 1951 684 2018 Demosthenem
708 1975 838 2020 curasse
860 1964 997 2020 constat.
1042 1952 1159 2037 Itaque
1186 1954 1221 2018 in
1250 1975 1309 2018 sex
1335 1952 1398 2018 illis
1426 1973 1510 2038 quae
1538 1973 1698 2016 consensu
1729 1951 1873 2016 omnium
1896 1949 1967 2014 eius

276 2074 349 2120 esse
376 2061 551 2118 censentur
579 2054 778 2120 orationibus
807 2054 886 2120 baec
913 2065 1041 2120 tantum
1068 2055 1280 2119 inueniuntur
1307 2053 1538 2120 obsecrationis
1567 2051 1683 2117 uerba.
1716 2046 1757 2137 νή
1785 2054 1851 2116 Διά
1879 2049 1968 2130 (adu.

275 2152 370 2221 Onet
395 2156 482 2236 510.
504 2176 564 2238 pro
588 2153 715 2220 Phorm.
739 2158 825 2237 §35
842 2157 893 2220 55.
915 2154 990 2219 adu.
1013 2153 1094 2218 Con
1117 2159 1224 2238 §Slt
1246 2149 1295 2238 po*
1315 2151 1388 2230 τούς
1409 2148 1509 2228 Samis
1532 2153 1620 2232 (adu.
1643 2151 1725 2216 (lon.
1750 2155 1816 2232 §a
1833 2153 1885 2218 26.
1900 2151 1966 2234 36),

272 2237 304 2320 ἀ
324 2255 392 2321 Ζεῦ
412 2253 467 2320 καὶ
488 2255 565 2321 θεοὶ
585 2265 657 2342 (pro
680 2251 806 2322 Phorm.
830 2258 937 2339 551),
959 2251 1007 2339 μά
1028 2252 1083 2320 τόν
1103 2259 1169 2321 Δία
1191 2255 1246 2320 καὶ
1266 2253 1367 2329 δεινός
1390 2265 1462 2340 (pro
1486 2253 1617 2319 Pborm
1642 2255 1745 2336 553),
1767 2249 1808 2339 νι)
1828 2249 1968 2318 τόνΔία

274 2355 330 2424 καὶ
350 2351 495 2430 θεοάς“
474 2376 617 2430 απαντας
631 2367 640 2432 t
646 2380 704 2442 pro
720 2357 848 2422 Phorm.
872 2362 892 2440 S
909 2354 1013 2441 61),
994 2355 1103 2440 ομνόω
1125 2353 1196 2430 τοδς
1217 2353 1318 2428 Serius
1332 2358 1388 2424 καὶ
1407 2351 1527 2428 θεάς”
1506 2375 1650 2428 απαντας
1673 2378 1731 2420 και
1749 2353 1855 2428 πάσας
1878 2351 1968 2433 (adu.

279 2455 361 2524 Con.
384 2461 482 2538 541).
526 2459 570 2524 Et
592 2458 744 2546 quoniam
767 2459 911 2545 priuatas
934 2462 1096 2524 orationes
1120 2457 1217 2523 nullis
1240 2458 1470 2525 obsecrationis
1493 2457 1640 2522 formulis
1663 2468 1794 2524 ornatas
1816 2453 1967 2520 uidemus

214 2629 218 2636 ⁴
274 2558 339 2629 nisi
361 2559 459 2638 sanis,
487 2561 677 2624 arcessitum
705 2559 786 2624 illud
812 2561 1022 2647 ineptumque
1045 2556 1123 2644 πρός
1145 2560 1207 2624 τῶν
1234 2561 1324 2626 θεῶν
1350 2559 1406 2624 καὶ
1433 2555 1606 2641 δαιμόνων,
1636 2561 1734 2624 etiam
1763 2558 1790 2622 si
1817 2577 1856 2620 ea
1884 2575 1969 2640 quae

275 2679 377 2744 supra
408 2657 702 2726 demonstrauimus
736 2683 802 2725 non
828 2660 1037 2748 quadrarent,
1072 2659 1170 2746 longe
1197 2683 1217 2725 a
1243 2659 1496 2728 Demosthenico
1529 2659 1683 2745 loquendi
1719 2682 1780 2724 usu
1816 2656 1969 2724 recedere

278 2759 547 2828 existimaremus.

431 2861 514 2929 Item
537 2861 622 2929 ille
613 2883 683 2929 rure
706 2884 744 2928 ae
765 2862 881 2928 merito
903 2860 1101 2950 improbauit
1123 2861 1228 2949 prima
1251 2861 1404 2928 erationis
1418 2859 1535 2926 uerba.
1558 2857 1674 2928 Πολλά
1694 2857 1830 2944 κάγαδα
1844 2854 1968 2943 γένοιτ,

280 2941 307 3026 ἀ
328 2953 360 3025 ά.
390 2962 431 3042 6.,
459 2963 584 3048 πρῶτον
609 2959 670 3045 μὲν
696 2959 773 3046 όμῖν
800 2957 930 3043 ἅπασιν,
961 2961 1070 3030 ἔπειτα
1093 2959 1129 3028 δὲ
1157 2963 1211 3028 καὶ
1231 2961 1357 3030 Σόλωνι
1381 2965 1427 3050 aqi
1452 2961 1707 3050 νομοθετόσαντι
1728 2959 1782 3028 τάν
1808 2961 1880 3044 περὶ
1907 2983 1970 3024 των

276 3059 467 3130 ἀντιδόσεων
487 3061 599 3146 νόμον.
644 3063 737 3148 Nom,
766 3075 991 3183 praeterquam
1015 3063 1104 3151 quod
1127 3063 1364 3131 Demosthenes
1393 3085 1458 3128 non
1480 3062 1642 3132 Σόλωνά
1663 3060 1888 3149 νομοθετησας
1914 3056 1970 3125 τόν

275 3161 390 3247 νόμον,
413 3163 472 3229 sed
493 3162 650 3233 Σόλωνά
670 3165 772 3238 τιθεὶς
792 3163 847 3232 τόν
868 3164 1021 3250 νόμονΗ)
1044 3165 1097 3230 uel
1118 3164 1234 3232 Σόλων
1258 3163 1363 3238 teste
1383 3162 1438 3230 τόν
1458 3161 1612 3248 νόμενλθ)
1635 3165 1743 3230 dicere
1765 3162 1889 3245 solet,
1880 3184 1914 3226 ια
1930 3181 1969 3226 eo

276 3267 419 3332 maxime
441 3265 634 3332 offendimus
656 3264 744 3354 quod
766 3269 905 3352 scriptor
926 3265 1049 3331 iudices
1065 3265 1282 3354 Solonemque
1303 3267 1520 3350 legislatorem
1536 3267 1744 3354 prosequitur
1758 3264 1853 3350 quasi
1870 3261 1962 3327 bonis

279 3365 451 3432 ominibus.
485 3366 616 3432 Scilicet
637 3389 657 3432 a
679 3367 950 3434 Demosthenicae
973 3366 1122 3432 dictionis
1144 3369 1345 3453 ingenuitate
1367 3377 1486 3434 natura
1507 3368 1645 3433 ueritate
1672 3367 1732 3434 hoc
1759 3364 1969 3430 uehementer

276 3465 442 3556 discrepat
462 3487 501 3535 ac
522 3467 666 3535 studium
689 3467 912 3535 delectationis
934 3477 1135 3553 ornatusque
1157 3492 1236 3558 prae
1259 3491 1294 3536 se
1315 3467 1379 3534 lert
1400 3470 1507 3536 minus
1532 3469 1698 3534 decorum.

432 3585 474 3650 In
496 3586 610 3650 eodem
632 3587 712 3651 uitio
733 3586 792 3650 bos
797 3586 902 3706 3locos
925 3609 997 3654 esse
1020 3587 1173 3653 arbitror:

431 3682 532 3768 519·
554 3686 668 3773 μικράν
688 3687 750 3768 μὲν
771 3709 839 3768 osv,
863 3689 1004 3770 ἱκετεύω,
1028 3689 1167 3771 ἐπίσχες.
1204 3689 1278 3770 Quo
1294 3689 1373 3776 quid
1393 3688 1458 3753 dici
1479 3698 1537 3754 aut
1558 3688 1637 3774 fingi
1658 3695 1766 3774 potest
1787 3681 1969 3752 urbanius?

432 3809 453 3886 fl
476 3807 536 3870 32:
558 3805 624 3870 Καὶ
637 3801 696 3893 γάρ
711 3831 740 3875 ει
730 3805 916 3896 ’eisdam‘
895 3833 997 3891 νμων,
1021 3831 1067 3895 με)
1060 3791 1253 3896 noltrqr³
1231 3831 1281 3896 ην·
1299 3806 1432 3896 ὁρῶντες
1446 3801 1487 3874 άν
1508 3829 1573 3889 μον
1586 3829 1645 3894 πμ
1659 3807 1826 3923 φιλεργίαν
1842 3802 1897 3869 καὶ
1910 3821 1971 3888 την

275 3907 328 3981 εἰς
347 3905 433 3990 ἀμάς
453 3897 592 3990 εὔνοιαν,
615 3905 855 3977 άνεπαόσαι’”
832 3935 873 3976 αν
887 3933 929 3994 με
944 3911 1006 3976 τῶν
1011 3899 1243 3994 ἀναλωμάτων
1255 3934 1310 3976 και
1298 3907 1428 3976 ἐπὶ
1391 3933 1446 3975 τον
1458 3906 1691 4030 δραπετεύοντα
1705 3908 1768 3972 τῶν
1782 3901 1890 3973 ἀλλων
1911 3895 1969 3993 ἧλ-

277 4013 366 4076 6ετε.
379 4007 435 4076 τόν
449 4004 546 4078 adada
560 4009 676 4096 τρόπον
691 4013 746 4077 καὶ
759 4013 827 4093 νῦν,
848 4009 1018 4079 ἐπειδάν’
997 4015 1139 4078 απατίαω
1155 4036 1194 4079 τα
1186 4011 1279 4099 τρία
1291 4011 1439 4092 τάλανθ’,
1454 4035 1474 4077 α
1459 3993 1602 4096 ι’ἀφλαν
1615 4033 1673 4076 και
1689 4007 1845 4095 ἀναλάβω
1864 4008 1964 4091 ἐμαν-

278 4109 345 4194 τόν,
368 4108 507 4180 πάλιν’
486 4110 726 4187 αναπαόσαντες
746 4137 810 4180 των
830 4111 1192 4238 τααλαιπωρρκότων“
1170 4137 1277 4199 ετερον
1298 4112 1383 4180 ἐπ”
1365 4111 1425 4195 εμε
1445 4107 1546 4200 ἥξετε.
1569 4113 1628 4178 νῦν
1649 4103 1724 4177 δ”
1701 4134 1812 4196 opera,
1837 4105 1971 4178 ἱκετεύω

280 4211 403 4286 πάντας
429 4211 545 4296 υμᾶς,
543 4195 601 4280 ἀ
598 4205 718 4300 ἄνδρες
743 4215 900 4294 δικασταί,
929 4215 986 4281 καὶ
1011 4238 1052 4281 τα
1079 4218 1189 4282 δίκαια
1211 4211 1344 4302 alpensis
1370 4212 1486 4298 δέομαι
1511 4197 1683 4300 βοηθῆααί
1704 4235 1761 4297 μαι
1780 4237 1836 4280 και
1856 4210 1904 4302 μή
1925 4233 1969 4296 με

279 4315 517 4402 περιελαθέντα
538 4317 690 4401 περιιδεῖν
712 4312 776 4385 ἀπό
797 4314 928 4382 τούτων.

435 4415 496 4481 His
517 4418 671 4482 exuemis
692 4417 845 4482 orationis
867 4416 977 4482 uerbis
998 4417 1138 4505 scriptor
1150 4417 1185 4481 in
1206 4415 1370 4502 elegantia
1389 4414 1674 4485 uehementissime
1694 4423 1809 4504 peceat
1831 4421 1865 4480 et
1885 4411 1973 4480 sani·

282 4524 360 4582 tate.
403 4514 498 4600 Nam,
521 4526 558 4582 ut
579 4519 838 4604 praetermittam
862 4517 949 4605 quod
972 4518 1074 4584 uerba
1094 4518 1153 4584 orio
1166 4517 1196 4582 δ’
1210 4510 1320 4603 ἄφετε,
1344 4514 1473 4586 laeserim
1495 4514 1618 4591 πάντας
1632 4514 1717 4600 ἀμᾶς
1738 4537 1805 4582 non
1826 4524 1893 4580 tam
1915 4529 1985 4599 μω·

282 4615 388 4682 titoris
410 4638 482 4682 esse
502 4617 657 4684 uidentur
678 4641 776 4706 quam
800 4619 870 4685 eius
892 4618 979 4685 unde
1003 4619 1135 4705 petitur,
1163 4617 1242 4707 quid
1263 4619 1399 4704 eogitari
1420 4629 1528 4708 potest
1550 4615 1723 4688 absurdius
1745 4639 1843 4704 qnam
1864 4615 1970 4682 ciuem

438 4818 479 4883 ⁴⁴)
496 4821 559 4873 nido
576 4839 602 4888 p.
621 4825 723 4886 227,15.
742 4825 844 4886 69631.
862 4826 947 4885 601,6.
967 4823 1051 4884 622,4.
1070 4824 1172 4886 629,26.

437 4903 478 4969 “)
496 4903 559 4957 alde
576 4921 602 4973 p.
621 4909 723 4972 602,18.
742 4909 844 4970 628,16.
863 4909 947 4970 6625.
965 4909 1068 4972 649,11.
