4620 5748
1118 349 1140 421 ll

428 548 522 629 Quae
542 569 619 613 cum
642 548 688 614 its
702 549 777 632 sint,
801 549 834 614 in
843 548 988 672 qulicis
1004 547 1234 616 Demosthenis
1249 551 1449 619 cretionibus
1467 551 1622 618 allocutio
1640 534 1671 618 ω’
1686 547 1797 641 ἄνδρες
1812 549 1976 642 Ἀθηναῖοι

271 649 426 738 septuplo
447 649 516 716 lere
537 649 681 716 crebrius
709 672 807 737 quem
830 676 856 716 ω
879 652 990 739 ανδρες
1011 652 1158 718 δικασταί
1177 653 1347 740 reperitur.
1379 653 1466 735 'Quo
1497 653 1539 720 ab
1566 676 1630 722 usu
1652 654 1811 742 loquendi
1836 657 1975 745 scriptor
2066 683 2078 712 ·

271 751 496 819 Theocrineee
517 751 615 837 longe
636 749 783 818 discedit
827 751 910 819 Nem
932 752 1034 819 semel
1056 761 1089 817 et
1119 753 1227 820 tricies
1251 737 1278 820 oi
1300 751 1412 844 ἄνδρες
1440 756 1597 836 δικασταί,
1628 755 1679 822 bie
1703 739 1731 821 oi
1753 749 1863 843 ἄνδρες
1884 761 1974 845 Ἀθη-

271 862 359 922 ναῖσι
380 851 502 920 scribit

426 986 543 1054 Restat
564 996 601 1053 ut
622 1009 784 1072 exponam
806 986 961 1053 formulas
984 987 1102 1075 quibus
1117 989 1151 1052 in
1166 989 1313 1055 oratioue
1328 999 1443 1056 contre
1455 989 1678 1056 Theocrinem
1704 989 1814 1057 scribe
1833 991 1975 1077 legenda

275 1089 385 1175 legere
407 1086 558 1154 iubentur
580 1110 646 1155 non
668 1109 847 1174 congruere
869 1109 943 1154 curu
959 1088 1187 1155 Demosthenis
1205 1091 1440 1158 consuetudine
1461 1089 1627 1175 loquendi.
1671 1091 1704 1155 le
1725 1092 1810 1156 enim
1836 1101 1873 1158 nt
1893 1095 1970 1159 scri-

273 1189 361 1274 bam,
383 1211 456 1256 cum
479 1191 506 1255 is
523 1190 556 1255 in
572 1187 686 1256 eodem
700 1191 886 1256 testimonio
903 1189 956 1256 nel
972 1190 1166 1257 documento
1181 1190 1320 1277 legendo
1337 1214 1473 1280 pergere
1489 1191 1630 1275 iubetur,
1651 1201 1841 1258 constanter
1863 1193 1974 1263 uerbis

274 1290 405 1378 legendi
434 1293 534 1374 (λέγε,
559 1288 785 1375 ἀναγίγνωσκε,
815 1288 995 1374 ἀνάγνωθι)
1019 1291 1183 1376 admonet,
1210 1294 1265 1377 its,
1288 1315 1363 1359 curn
1385 1292 1517 1360 tabulae
1544 1314 1647 1379 usque
1675 1314 1713 1358 eo
1736 1315 1801 1358 non
1822 1293 1970 1380 prolatae

276 1391 494 1480 proferendae
515 1403 602 1476 sunt,
631 1401 688 1460 aut
708 1392 896 1479 proferendi
917 1392 1018 1459 uerbo
1046 1393 1115 1459 eolo
1138 1393 1185 1459 uti
1213 1403 1269 1460 aut
1298 1393 1429 1480 legendi
1455 1394 1556 1461 uerbo
1584 1393 1618 1458 id
1646 1391 1768 1460 addere
1796 1393 1886 1462 solet
1930 1397 1975 1462 Et

276 1493 470 1588 plerumque
497 1494 628 1581 quidem
656 1493 795 1560 uerbum
823 1492 1003 1578 λαμβάνειν
1024 1505 1162 1580 usurpet
1189 1493 1305 1580 (λαβὲς
1331 1493 1415 1580 λαβὲ
1441 1495 1496 1560 καὶ
1524 1497 1597 1576 λέγε
1604 1519 1615 1572 ,·
1643 1491 1726 1578 λαβὲ
1749 1543 1757 1558 .
1784 1544 1792 1559 .
1818 1543 1825 1558 .
1851 1544 1859 1559 .
1883 1498 1974 1579 λέγε,·

275 1592 359 1681 λαβέ
383 1644 390 1659 .
417 1643 424 1659 .
451 1644 458 1659 .
484 1644 493 1659 .
518 1591 746 1677 ἀνεγίγνωσκες
768 1595 841 1677 λέγε
862 1589 991 1678 λαβῶνς
1014 1593 1180 1677 ἀνάγνωθι
1202 1596 1337 1682 λαβών).
1380 1597 1421 1662 ln
1444 1595 1648 1661 orationibus
1671 1595 1712 1660 de
1735 1617 1855 1662 corone
1877 1607 1910 1663 et
1932 1597 1974 1664 de

274 1693 361 1761 falsa
382 1695 545 1782 legatione
567 1696 666 1761 etiam
688 1694 790 1762 uerba
811 1699 922 1780 φέρειν
943 1705 977 1761 et
997 1693 1122 1762 διδόναι
1143 1697 1340 1784 aliquotiens
1364 1698 1635 1773 inueniunturv).

430 1846 541 1930 Atque
562 1854 600 1912 ut
620 1845 701 1912 haec
723 1845 957 1913 Demosthenis
979 1847 1191 1932 consuetudo,
1215 1870 1299 1935 quae
1322 1847 1454 1934 quidem
1477 1849 1511 1912 in
1533 1846 1674 1933 publicis
1696 1847 1902 1914 orationibus
1923 1869 1972 1915 re

276 1947 411 2034 peritur,
435 1947 527 2034 qussi
548 1946 609 2012 sub
631 1969 697 2014 uno
719 1955 900 2037 conspectu
922 1957 1074 2034 ponatur,
1098 1949 1186 2015 hunc
1206 1949 1351 2016 indicem
1373 1948 1560 2016 conficiam:

275 2046 451 2114 Formulee

686 2149 921 2235 proferendi
943 2151 1076 2219 uerbis
1099 2159 1322 2237 conceptae
1379 2147 1612 2239 proferendi
1635 2148 1770 2214 uerbis
1791 2159 1973 2216 carentes

277 2248 487 2336 reperiuntur

341 2352 377 2415 in
399 2358 483 2417 orat.
506 2349 547 2416 ‹le
569 2372 690 2418 corone
997 2353 1037 2418 18

352 2499 369 2536 ,,
429 2499 445 2538 „
504 2452 547 2517 de
567 2451 651 2518 salse
672 2453 735 2538 leg.
992 2454 1031 2518 11

351 2600 368 2638 ,‚
427 2600 444 2638 ‚,
503 2551 578 2620 adu.
600 2553 696 2641 Lept.
997 2555 1039 2619 10

351 2700 369 2738 ‚‚
427 2701 445 2738 „
503 2654 538 2719 in
558 2653 693 2718 Midiam
1013 2659 1035 2720 4

352 2801 368 2838 „
426 2801 444 2839 ‚‚
502 2776 531 2822 c.
553 2753 692 2821 Androt.
887 2743 891 2754 ’

353 2901 369 2938 ,,
428 2901 444 2940 „
502 2877 530 2922 c.
552 2853 709 2924 Aristocr.
1015 2859 1035 2923 5

259 3009 263 3018 .
352 3002 368 3040 „
426 3002 443 3042 ‚‚
500 2978 529 3022 c.
550 2956 691 3022 Timocr.
1014 2961 1034 3024 4

431 3189 485 3256 Sic
506 3189 677 3277 formulae,
700 3192 819 3280 quibus
842 3194 949 3261 scriba
970 3193 1099 3261 tabulas
1121 3213 1226 3280 ueque
1249 3214 1287 3258 eo
1309 3211 1375 3257 non
1397 3187 1542 3275 prolatas
1557 3188 1701 3276 proferre
1723 3188 1863 3272 iubetur,
1887 3209 1974 3254 com-

277 3293 414 3377 paratae
435 3301 512 3357 sunt
533 3293 568 3356 in
584 3291 814 3360 Demosthenis
836 3294 1037 3362 orationibus
1060 3293 1208 3383 publicis.
1230 3294 1276 3359 At
1297 3294 1331 3358 in
1354 3292 1500 3358 cretione
1522 3299 1637 3357 contre
1650 3289 1864 3356 Theocrinem
1888 3289 1971 3356 ratio

278 3412 390 3456 earum
417 3391 515 3477 longe
541 3393 607 3459 alia
634 3402 693 3460 est.
737 3395 822 3462 Nam
849 3418 1048 3485 quamquem
1075 3395 1247 3462 duodecim
1274 3393 1406 3460 tabulae
1434 3391 1517 3459 eliae
1538 3400 1613 3478 post
1639 3391 1720 3458 alies
1748 3390 1971 3478 proferuntur,

273 3501 389 3558 tamen
411 3501 461 3558 ter
484 3497 517 3574 (ξ
542 3497 590 3560 17.
612 3497 665 3562 49.
688 3497 742 3575 51)
762 3495 904 3564 formula
924 3499 1018 3585 λαβέ,
1041 3499 1156 3566 ceteris
1178 3497 1257 3564 locis
1284 3495 1445 3561 formulae
1467 3494 1541 3577 λέγε
1561 3492 1615 3560 uel
1642 3491 1857 3576 draylyvorcxe
1879 3513 1972 3558 usur-

275 3601 409 3680 pantur.
1333 3597 1338 3608 '

429 3729 524 3811 Quae
545 3751 620 3796 cum
642 3733 689 3797 ita
709 3733 785 3817 sint,
808 3735 986 3800 orationem
1008 3729 1360 3814 contraTheocrinem,
1383 3731 1480 3796 etiam
1501 3731 1529 3796 si
1546 3751 1683 3817 eaquae
1705 3750 1806 3816 supra
1829 3750 1969 3794 comme-

278 3829 476 3898 messuimus
491 3831 664 3898 meledicta
678 3833 841 3919 abessent,
863 3833 1121 3916 abiudicaremue
1137 3857 1158 3901 s
1172 3831 1403 3899 Demosthene.
1435 3831 1486 3897 Ac
1500 3833 1672 3898 cuiusnam
1688 3853 1727 3896 ea
1742 3832 1785 3898 eit
1799 3830 1972 3920 quaerenti

276 3929 356 3994 mihi
376 3940 413 3997 ut
427 3933 506 4000 certi
521 3932 701 4021 quidquem
716 3957 781 4001 non
797 3939 894 4003 estin
909 3944 1073 4026 promptu,
1096 3937 1143 4002 ita
1157 3957 1229 4001 meo
1244 3936 1314 4002 iure
1330 3933 1408 3998 mihi
1429 3932 1544 4000 uideor
1566 3933 1753 3999 existimare
1775 3931 1856 4000 eliae
1871 3932 1969 4000 huius

273 4032 447 4118 scriptoris
470 4035 632 4102 orationes
655 4036 715 4103 sub
737 4038 869 4103 nomine
882 4037 1112 4106 Demosthenis
1134 4060 1201 4104 non
1223 4059 1296 4104 esse
1318 4033 1466 4103 traditas.
1504 4032 1557 4102 Ad
1572 4057 1669 4121 quem
1684 4037 1882 4102 sententiam
1896 4056 1972 4100 cum

272 4131 349 4297 alpe
383 4132 484 4200 ducor
517 4135 708 4204 elocutionis
744 4138 996 4225 proprietatibus
1028 4147 1097 4204 tum
1132 4139 1289 4226 singulari
1320 4135 1463 4227 quodam
1494 4156 1557 4202 usu
1590 4134 1694 4202 detiui
1727 4158 1824 4225 quern
1858 4135 1973 4203 dicunt

277 4241 310 4299 et
333 4235 480 4312 icum³⁸).

430 4487 467 4554 ⁸¹)
485 4491 597 4542 uerbum
612 4492 722 4576 φέρειν
738 4493 888 4544 inuenitur:
908 4495 941 4546 de
959 4509 1013 4547 eor.
1030 4493 1045 4557 5
1065 4498 1104 4548 lt.
1124 4497 1182 4548 106.
1204 4495 1261 4546 179.
1281 4495 1339 4545 267.
1358 4492 1392 4545 ds
1409 4493 1480 4545 fuiss
1496 4493 1549 4560 leg.
1567 4493 1582 4555 5
1599 4495 1639 4546 tl.
1654 4517 1686 4534 ·-
1699 4493 1811 4545 uerbum
1829 4487 1969 4554 διδόναις

271 4589 312 4642 «de
331 4605 385 4642 cor.
403 4589 419 4652 fi
439 4593 495 4645 158.
515 4595 572 4647 156.
592 4591 625 4644 de
643 4593 714 4645 {elsa
731 4593 783 4660 leg.
802 4593 818 4656 ὅ
837 4596 879 4646 ³1.

432 4688 505 4754 ”li
530 4697 577 4746 1⁷²
607 4687 793 4776 ὀφείλοντας
826 4687 911 4779 cingi
942 4691 998 4757 τοῦ
1031 4690 1176 4758 πάππου.
1214 4695 1230 4758 l
1257 4697 1302 4746 19ἓ
1333 4687 1391 4758 οὐκ
1420 4689 1609 4765 ἐκτετακότος
1642 4688 1727 4780 αὐτῷ
1763 4688 1968 4778 reinceptis.

277 4789 293 4852 l
312 4793 360 4842 αντ
388 4785 535 4874 ὀφείλειν
556 4788 633 4875 ὑμῖν
653 4793 698 4880 cqi
718 4794 872 4880 δημοσίῳ.
892 4795 908 4858 t
927 4799 974 4848 26:
995 4791 1272 4882 μεμαρτυρηκότος
1286 4790 1348 4879 μέν
1362 4789 1441 4881 ἡμῖν
1455 4794 1510 4860 τοῦ
1524 4794 1689 4867 Μίκωνος.
1714 4797 1730 4858 i
1749 4797 1794 4846 28²
1811 4790 1971 4880 μάρτυρας

272 4883 355 4971 ,ὑμῖν
377 4895 618 4978 παρασχέσθαι.
649 4891 894 4982 τελευτήσαντος
916 4891 1001 4984 αὐτῷ
1022 4896 1077 4961 νοῦ
1102 4891 1255 4980 ἀδελφοῦ.

1798 5011 1815 5064 2
