4620 5748
1094 429 1133 500 l5

988 517 1240 528 p———-.—--—-

256 662 319 707 τιον
339 634 384 705 τύ
405 641 526 721 μέρος
547 637 669 702 δοτέον.
696 671 735 684 -
758 631 906 720 Thucyd.
931 630 990 710 IV,
1014 632 1069 696 11.-
1095 626 1312 704 ἀναπαύοντος
1333 625 1376 698 ἒν
1396 631 1444 716 τῷ
1464 634 1576 715 με’ρει
1596 627 1668 704 τούς
1689 627 1846 706 ἐπίπλους
1866 625 1956 698 ε’ποι·

262 742 363 808 ούνιο.
389 777 427 789 -
452 738 547 818 VIII,
570 739 631 802 86:
664 738 726 801 roio
757 757 790 801 τε
822 735 1086 814 πεντακισχιλίων
1118 726 1166 798 ὅτι
1197 729 1313 804 πάντες
1334 729 1376 797 ἐν
1396 731 1445 818 τῇ
1465 733 1576 817 μέρει
1607 733 1852 816 prostrasse)
1896 729 1957 798 His

259 842 340 908 locis
366 837 410 906 τό
431 837 530 924 μέρος
558 837 647 904 illem
674 835 844 924 signifieat,
872 834 959 922 quod
987 832 1024 900 τύ
1050 835 1211 922 προσῆκον
1237 835 1343 920 μέρος.
1390 831 1498 912 Quam
1524 833 1690 898 notionem
1711 833 1890 920 pleniorem
1915 831 1958 898 ed

263 943 371 1010 locum
400 941 442 1006 de
467 963 532 1028 quo
566 941 676 1025 agitur
710 946 913 1004 assumentes
941 944 975 1002 et
997 931 1033 1000 ἓν
1052 933 1097 1021 τῷ
1117 937 1209 1020 μέρει
1234 957 1300 999 non
1328 932 1370 998 ad
1397 931 1553 1015 λεγόντοιν
1575 933 1800 1019 adiungentes,
1829 935 1887 1001 sed
1914 935 1958 1002 ud

261 1043 398 1114 ἀκούσαι
418 1049 486 1126 μετ’
507 1040 687 1116 scrutatu)
714 1041 749 1103 in
771 1038 855 1104 hanc
880 1037 1030 1103 ducimur
1056 1037 1375 1122 interpretationem:
1418 1034 1500 1099 Rem
1530 1057 1667 1123 aequam
1690 1059 1710 1100 a
1731 1036 1824 1104 uobis
1846 1060 1957 1126 precu-

192 1173 217 1224 ‚·
256 1147 376 1230 bimur,
410 1145 544 1225 iudices,
579 1163 648 1206 noe
686 1140 868 1206 dieentes
901 1148 944 1204 ut
972 1161 1058 1204 cum
1086 1136 1376 1203 beneuolentia
1409 1157 1480 1223 pro
1508 1138 1799 1223 portione—i.
1822 1165 1957 1208 acum

252 1248 411 1330 eadem,
442 1267 517 1339 qua
544 1242 833 1325 Phormionem,
861 1241 1150 1308 beneuolentis
1170 1277 1213 1289 -
1234 1237 1463 1318 redimisse)

414 1372 510 1440 Alter
531 1372 633 1454 loeus,
660 1371 716 1455 qui
742 1369 888 1456 opinioni
912 1390 1004 1434 mese
1028 1366 1158 1433 obstare
1179 1365 1320 1446 uidetur,
1344 1365 1396 1430 hic
1418 1375 1481 1431 est:

282 1562 287 1572 ‚
369 1564 373 1570 ,
483 1503 503 1582 5
530 1501 588 1590 20:
612 1493 711 1571 ούτοις
734 1493 903 1580 ὄΛύμπις
921 1491 1003 1561 aurci
1022 1493 1136 1580 κράτος
1156 1491 1402 1578 ἐξελεγχόμενος
1423 1491 1463 1560 sd
1477 1493 1586 1581 ψευδῆ
1605 1497 1772 1580 μαρτυρῶν
1793 1497 1848 1562 καί
1861 1524 1957 1590 πονη-

485 1597 539 1686 ρός
577 1593 621 1665 ὧν
645 1597 803 1683 (ὁμολόγει
823 1596 885 1682 μὲν
911 1599 1074 1685 εἰρηκέναι
1098 1597 1197 1662 ταῦτα
1223 1593 1318 1679 πρός
1347 1597 1499 1676 τούτου,
1529 1592 1568 1660 ού
1596 1599 1705 1678 μέντοι
1732 1620 1767 1678 γε
1792 1594 1883 1674 ἐντός
1913 1597 1958 1672 ὢν

488 1703 602 1768 εἰπεῖν’
618 1697 726 1767 ositeri.

384 1862 386 1867 .
412 1819 584 1906 Ad²quem
599 1817 641 1886 G.
655 1817 698 1884 H.
719 1817 913 1883 Sehueferns
937 1817 1110 1904 propositis
1133 1815 1302 1879 sententiis
1325 1815 1533 1900 superiorum
1555 1815 1768 1901 interpretum
1785 1820 1871 1884 iuter
1884 1844 1957 1889 sese

252 1921 516 2008 discrepantibus
533 1921 593 1985 hoc
610 1919 798 1986 adnotauit:
823 1921 934 1985 τοῦτον
948 1917 988 1982 de
1006 1916 1128 1982 arbitro
1152 1915 1462 2000 intellegendum.⁶⁶l
1501 1913 1565 1980 Sed
1580 1914 1642 1981 hoc
1657 1915 1746 1980 nullo
1767 1930 1864 2004 pacto
1886 1923 1958 1988 lieri

260 2045 356 2108 posse
378 2045 419 2087 ex
441 2021 491 2086 his
518 2020 628 2087 uerbis
663 2022 886 2106 cognoscitur:
914 2023 934 2100 5
960 2021 1012 2084 18:
1037 2018 1093 2084 καὶ
1115 2014 1134 2083 ὅ
1154 2017 1289 2099 Λάμπις
1310 2013 1391 2101 μετα
1421 2017 1514 2083 ταῦτα
1541 2021 1676 2099 νομίσας
1703 2017 1790 2107 crispi
1811 2019 1958 2109 ἀσφαλὲς

256 2119 324 2212 η”δη
346 2112 430 2189 εἶναι
450 2119 531 2209 πρὸς
552 2124 696 2211 διαιτητῇ
717 2131 888 2209 μαρτυρεῖν
910 2115 929 2188 ὅ
952 2147 981 2186 τι
1001 2119 1148 2206 βούλοιτο
1149 2167 1294 2198 .....
1319 2117 1469 2184 τύναντία
1492 2113 1541 2195 οἷς
1564 2118 1717 2208 πρότερον
1738 2123 1867 2212 εἰρήκει.
1903 2125 1953 2192 cf.

257 2231 279 2310 5
309 2227 363 2290 19:
397 2221 475 2308 πρὸς
501 2221 537 2290 δέ
567 2227 610 2311 τῇ
642 2225 783 2312 διαιτητῇ
816 2222 990 2298 ἀκινδύνως
1023 2223 1078 2288 καί
1113 2218 1327 2301 α’ναιοχύντως
1354 2223 1565 2308 μαρτυροῦσιν
1592 2219 1612 2288 ὅ
1639 2249 1668 2289 τι
1695 2219 1735 2290 ἂν
1761 2225 1952 2310 βούλωνται.

253 2327 406 2414 Apparet
427 2325 619 2412 Lampidem
642 2348 690 2408 ea,
720 2349 803 2413 quae
831 2328 949 2394 mentis
977 2346 1055 2390 snae
1083 2343 1147 2388 non
1170 2332 1352 2407 compotem
1376 2344 1410 2387 ee
1433 2324 1577 2390 locutum
1599 2347 1668 2390 esse
1691 2327 1861 2412 simularit,
1885 2352 1952 2394 nou

263 2428 354 2516 apud
376 2427 546 2520 arbitrum,
569 2427 627 2492 sed
650 2449 762 2515 coram
785 2427 969 2514 Chrysippo
993 2437 1025 2490 et
1046 2423 1193 2494 testibus
1215 2424 1333 2510 quihus
1354 2423 1406 2488 hic
1427 2447 1505 2490 usus
1528 2426 1579 2508 sit,
1606 2424 1736 2493 dixisse.
1781 2429 1831 2494 Cf.
1855 2431 1955 2511 515:

225 2569 232 2583 ·
262 2555 333 2596 νυνι
321 2515 560 2632 δούδέτερος
583 2525 689 2598 αὐτῶν
710 2507 820 2596 οὐδ”
801 2530 908 2596 οτιούν
929 2517 1060 2594 είπεν’
1042 2549 1078 2593 εν
1099 2523 1228 2612 τοιούτῳ
1244 2527 1353 2613 ιιαιρηῖ.
1391 2526 1485 2607 Quae
1506 2549 1579 2591 cum
1594 2529 1641 2592 ita
1655 2529 1729 2611 sint,
1752 2527 1832 2616 πρός
1846 2533 1956 2598 rosires

262 2595 445 2718 legentibus
469 2632 564 2698 nobis
586 2633 626 2698 de
653 2630 742 2696 nullo
764 2628 827 2696 alio
850 2653 948 2717 qnam
970 2629 1155 2716 Chrysippo
1183 2629 1326 2713 cogitare
1349 2628 1433 2692 lieet.
1478 2627 1554 2707 Qua
1580 2628 1711 2714 quidem
1733 2653 1769 2695 re
1792 2633 1879 2715 quod
1902 2633 1956 2702 de·

260 2744 441 2799 monstrare
465 2734 541 2798 mihi
563 2735 719 2822 proposui
741 2732 826 2797 hanc
854 2733 1033 2797 orationem
1062 2729 1104 2795 ab
1132 2753 1198 2796 uno
1221 2727 1404 2817 Chrysippo
1432 2729 1551 2794 dictam
1579 2751 1649 2794 esse
1675 2730 1837 2798 uldetur
1828 2737 1955 2801 rrritum

261 2836 341 2901 fieri.
386 2835 450 2900 Sed
485 2857 569 2920 quae
601 2835 653 2900 hic
687 2843 796 2900 exstat
829 2833 1005 2899 difficultas
1039 2832 1135 2898 facile
1162 2834 1209 2897 ita
1235 2830 1369 2914 tollitur,
1398 2842 1435 2896 ut
1464 2853 1523 2917 pro
1551 2833 1661 2897 τούτου
1687 2833 1789 2900 uerbo
1816 2848 1958 2922 ponatur

259 2936 414 3011 τούτοις
435 2937 534 3019 (audi,
558 2947 596 3002 ut
618 2946 669 3002 est
690 2939 725 3002 in
750 2937 864 3002 eodem
887 2934 1101 3023 paragrapho,
1129 2944 1195 3009 τοῖς
1217 2931 1254 3018 ἐξ
1276 2931 1377 3020 ἀρχῆς
1401 2935 1635 3020 προσελθοῦσα
1657 2931 1744 3024 αύτῷ
1764 2935 1844 3018 μεθ’
1864 2937 1957 3026 ἡμῶν

266 3041 345 3124 siue,
367 3049 405 3104 ut
427 3049 479 3104 est
500 3040 534 3103 in
560 3042 580 3120 5
604 3039 654 3120 13,
677 3047 744 3111 τοῖς
765 3040 954 3126 κλητῇρσιν).

415 3156 493 3222 Fuit
514 3152 659 3242 quidem,
682 3179 757 3224 cum
781 3154 860 3243 πρύς
881 3155 1029 3229 τούτους
1051 3151 1258 3220 scribendum
1281 3175 1351 3218 esse
1373 3163 1531 3241 putarem.
1576 3153 1697 3220 Βατίδα
1712 3155 1772 3221 hae
1788 3157 1950 3224 deductus

263 3283 333 3325 sum
356 3259 528 3338 sententia,
552 3280 631 3322 eum
654 3257 712 3323 hos
735 3259 981 3346 perlustrassem
1004 3257 1106 3323 locos:
1134 3254 1209 3324 adu.
1231 3255 1325 3340 Lept.
1350 3259 1370 3337 5
1391 3256 1448 3319 98:
1477 3249 1557 3322 side*
1584 3253 1678 3343 πρός
1704 3268 1783 3329 τοῖς
1810 3264 1954 3343 θεσμο-
2028 3249 2032 3261 ’

258 3364 404 3433 -θίταις
428 3357 559 3442 ἔλεγε,
588 3361 672 3425 ταῦτ’
695 3359 771 3434 ἴσως
798 3363 899 3444 λέγων
920 3359 1075 3447 παράγειν
1096 3355 1181 3442 ύμύς
1209 3357 1344 3446 ζητήσει.
1369 3396 1407 3408 -
1431 3360 1464 3423 in
1486 3358 1614 3446 Aphob.
1637 3358 1664 3424 I.
1687 3364 1708 3440 5
1729 3362 1786 3425 49:
1813 3359 1956 3445 Ἐτόλμα

261 3465 367 3528 τοίνυν
389 3457 481 3546 πρός
502 3462 550 3547 uqi
571 3463 752 3549 διαιτητῇ
774 3462 918 3543 λέγειν.
958 3460 1330 3541 otinhacorationeg
1347 3461 1402 3525 18:
1426 3456 1519 3546 πρός
1540 3463 1715 3550 διαιτητῇ
1735 3473 1956 3550 μαρτυρεῖν.

155 3555 164 3566 '
260 3567 339 3643 -5
363 3563 417 3626 19:
440 3573 660 3649 μαρτυρεῖν
682 3563 737 3627 καὶ
758 3559 853 3649 πρὸς
874 3563 1051 3650 διαιτητῇ
1072 3572 1105 3627 et
1125 3559 1221 3645 πρύς
1243 3558 1283 3627 δὲ
1305 3561 1354 3647 τῇ
1374 3563 1548 3650 διαιτητῇ
1568 3613 1575 3627 .
1596 3613 1603 3626 .
1622 3613 1655 3627 ..
1679 3566 1954 3650 μαρτυροῦσιν,

260 3663 344 3730 Inde
373 3663 597 3730 concludimus
627 3664 732 3746 λέγειν
759 3662 839 3750 πρός
867 3688 927 3730 τινι
955 3685 1025 3729 esse
1052 3662 1249 3728 uocabulum
1277 3661 1444 3745 iudioIale,
1472 3665 1556 3729 sieut
1582 3674 1692 3730 nostro
1719 3686 1868 3730 nemone
1890 3688 1956 3731 nou

260 3765 399 3830 dicimus
430 3786 612 3850 ,aussagen
639 3788 685 3830 τυ
716 3765 791 3831 dem
818 3765 946 3847 riehter,
975 3787 1021 3831 zu
1049 3767 1205 3850 zeugen,“
1235 3763 1292 3828 sed
1321 3785 1501 3849 „aussagen
1529 3787 1601 3830 ror
1628 3766 1701 3831 dem
1728 3766 1859 3850 riehter,
1887 3790 1957 3834 vor

256 3867 416 3951 τοιιςοιι.α
465 3866 580 3952 ltaque
604 3866 664 3932 hoc
687 3867 759 3933 loco
781 3864 861 3954 πρός
882 3865 1002 3940 τούτοις
1022 3863 1230 3931 scribendum
1253 3885 1324 3929 esse
1346 3865 1457 3932 coicio.
1502 3866 1610 3946 Quam
1625 3867 1844 3934 coniecturam
1860 3891 1955 3956 spero

262 3969 440 4053 legentium
466 3967 592 4032 iudiciis
614 3967 788 4052 probatum
812 3969 860 4032 iri.
904 3969 988 4034 Nam
1015 3967 1154 4034 librariis
1176 3966 1328 4033 facillime
1352 3968 1499 4032 accidere
1525 3969 1669 4055 potuisse
1691 3977 1728 4034 ut
1755 3970 1956 4057 insequentis

258 4067 326 4135 loci
347 4072 424 4150 522
440 4105 481 4116 -
500 4072 520 4149 5
537 4070 578 4134 33
600 4069 734 4154 ineptiis
758 4069 883 4135 inducti
904 4073 1015 4135 τούτου
1036 4067 1244 4134 scrihendnm
1267 4090 1338 4134 esse
1361 4071 1573 4155 opinarentur
1595 4071 1667 4156 quis
1690 4079 1739 4136 est
1760 4072 1816 4157 qui
1839 4073 1959 4158 neget?

417 4185 511 4265 Quae
535 4208 610 4250 cum
632 4189 677 4250 ita
700 4187 776 4268 sint,
799 4189 889 4271 satie,
914 4198 950 4253 ut
972 4189 1098 4272 opinor,
1122 4200 1260 4273 apparet
1281 4209 1359 4253 cum
1382 4188 1488 4254 locum
1512 4193 1532 4270 5
1555 4191 1662 4271 22—5
1677 4191 1718 4255 33
1740 4211 1783 4253 ex
1805 4188 1865 4255 hac
1887 4213 1956 4257 ora·

259 4288 353 4352 tione
375 4296 412 4351 ut
434 4311 454 4352 a
476 4287 604 4352 rhetore
627 4287 738 4352 lictum
761 4311 837 4354 esse
860 4288 1081 4372 eximendum,
1109 4298 1180 4354 tum
1202 4289 1361 4374 reliquam
1389 4291 1565 4355 orationem
1590 4290 1709 4356 dictam
1732 4311 1803 4356 esse
1825 4290 1867 4355 ah
1890 4314 1955 4357 uno

261 4386 461 4474 Chrysippo.

420 4556 457 4618 ⁸¹)
476 4559 511 4610 cl.
529 4559 598 4611 Xon.
616 4559 706 4611 Anah.
726 4561 777 4624 III,
797 4564 820 4624 4,
840 4563 882 4612 28.
899 4561 931 4625 V,
952 4565 975 4624 3,
994 4564 1018 4614 4.
1036 4561 1083 4622 VI,
1102 4563 1127 4624 4,
1147 4565 1188 4612 28.

418 4640 457 4704 ⁸⁴)
475 4644 511 4697 ct.
529 4643 656 4708 Aeschyl.
674 4645 753 4696 Eum.
773 4649 833 4697 198:
861 4639 1059 4712 ἀντάκουσον
1079 4639 1117 4730 ἐν
1138 4647 1239 4730 μέρει,

420 4742 458 4804 ”)
480 4745 556 4798 Haec
573 4748 636 4798 mihi
655 4749 843 4814 iuterpretstio
862 4752 947 4815 mugit
965 4765 1044 4814 quum
1062 4765 1095 4802 ee
1112 4748 1210 4815 placet,
1230 4763 1306 4814 quae,
1325 4761 1385 4798 eum
1404 4747 1437 4797 ed
1457 4742 1613 4827 λεγόντων
1636 4749 1719 4801 uerba
1740 4744 1779 4815 ἐν
1799 4747 1844 4832 τῷ
1864 4748 1956 4833 μέρει

255 4848 453 4912 adiunguntur,
482 4849 612 4900 efficitur:
647 4849 714 4899 Rern
737 4864 850 4916 aequam
868 4867 885 4902 a
902 4851 980 4902 uehit
996 4852 1181 4917 precabimur,
1209 4851 1320 4909 ludices,
1346 4853 1377 4898 ut
1396 4863 1453 4913 uos,
1478 4851 1524 4914 qui
1546 4866 1596 4917 pro
1623 4855 1716 4903 nostra
1733 4855 1809 4918 perte
1827 4850 1955 4914 dIcsmus,

265 4931 388 4984 audietis
406 4949 464 4983 cnm
482 4934 678 4986 beneuolentiae.

419 5015 458 5080 ⁵⁸)
477 5019 566 5071 adnot
585 5017 619 5068 ιδ
637 5035 663 5084 p.
682 5018 741 5082 318,
762 5021 800 5074 18.
